@webpage{scikitlogreg,
    author = {Scikit Learn Documentation SCIKITDOC},
    title = {Logistic Regression},
    howpublished = {Tomado de \url{https://scikit-learn.org/stable/modules/generated/sklearn.linear_model.LogisticRegression.html} (10/07/2022)},
    year = 2022
}

@webpage{scikitaccuracy,
    author = {Scikit Learn Documentation Sklearn},
    title = {Logistic Regression},
    howpublished = {Tomado de \url{https://scikit-learn.org/stable/modules/model_evaluation.html#accuracy-score} (10/07/2022)},
    year = 2022
}

@webpage{scikitsvc,
    author = {Scikit Learn Documentation Sklearn},
    title = {Support Vector Classification},
    howpublished = {Tomado de \url{https://scikit-learn.org/stable/modules/svm.html#svc} (10/07/2022)},
    year = 2022
}

@misc{mikolov,
  doi = {10.48550/ARXIV.1301.3781},
  url = {https://arxiv.org/abs/1301.3781},
  author = {Mikolov, Tomas and Chen, Kai and Corrado, Greg and Dean, Jeffrey},
  keywords = {Computation and Language (cs.CL), FOS: Computer and information sciences, FOS: Computer and information sciences},
  title = {Efficient Estimation of Word Representations in Vector Space},
  publisher = {arXiv},
  year = {2013},
  copyright = {arXiv.org perpetual, non-exclusive license}
}

@article{song2014short,
  title={Short text classification: a survey.},
  author={Song, Ge and Ye, Yunming and Du, Xiaolin and Huang, Xiaohui and Bie, Shifu},
  journal={Journal of multimedia},
  volume={9},
  number={5},
  year={2014},
  publisher={Citeseer}
}

@article{kowsari2019text,
  title={Text classification algorithms: A survey},
  author={Kowsari, Kamran and Jafari Meimandi, Kiana and Heidarysafa, Mojtaba and Mendu, Sanjana and Barnes, Laura and Brown, Donald},
  journal={Information},
  volume={10},
  number={4},
  pages={150},
  year={2019},
  publisher={MDPI}
}

@incollection{aggarwal2012survey,
  title={A survey of text classification algorithms},
  author={Aggarwal, Charu C and Zhai, ChengXiang},
  booktitle={Mining text data},
  pages={163--222},
  year={2012},
  publisher={Springer}
}

@article{korde2012text,
  title={Text classification and classifiers: A survey},
  author={Korde, Vandana and Mahender, C Namrata},
  journal={International Journal of Artificial Intelligence \& Applications},
  volume={3},
  number={2},
  pages={85},
  year={2012},
  publisher={Academy \& Industry Research Collaboration Center (AIRCC)}
}

@article{zhang2010understanding,
  title={Understanding bag-of-words model: a statistical framework},
  author={Zhang, Yin and Jin, Rong and Zhou, Zhi-Hua},
  journal={International journal of machine learning and cybernetics},
  volume={1},
  number={1},
  pages={43--52},
  year={2010},
  publisher={Springer}
}

@article{shah2020comparative,
  title={A comparative analysis of logistic regression, random forest and KNN models for the text classification},
  author={Shah, Kanish and Patel, Henil and Sanghvi, Devanshi and Shah, Manan},
  journal={Augmented Human Research},
  volume={5},
  number={1},
  pages={1--16},
  year={2020},
  publisher={Springer}
}

@book{baeza2013recuperaccao,
  title={Recupera{\c{c}}{\~a}o de Informa{\c{c}}{\~a}o-: Conceitos e Tecnologia das M{\'a}quinas de Busca},
  author={Yates, Ricardo Baeza and Neto, Berthier Ribeiro},
  year={2013},
  publisher={Bookman Editora}
}

@article{pranckevivcius2017comparison,
  title={Comparison of naive bayes, random forest, decision tree, support vector machines, and logistic regression classifiers for text reviews classification},
  author={Pranckevi{\v{c}}ius, Tomas and Marcinkevi{\v{c}}ius, Virginijus},
  journal={Baltic Journal of Modern Computing},
  volume={5},
  number={2},
  pages={221},
  year={2017},
  publisher={University of Latvia}
}



@book{Alarcos1999,
    author    = {E. {Alarcos Llorach}},
    title     = "{Gramática de la Lengua Española}",
    publisher = "{Editorial Espasa Calpe}",
    address   = "{Madrid}",
    year     = 1999
}

@article{ArslanHansen1996,
    author    = {L. M. Arslan and J. H. L. Hansen},
    title     = "{Language accent classification in American English}",
    journal   = "{Speech Communication}",
    volume    = {18},
    number    = {1},
    pages     = {353--367},
    year      = 1996
}

@article{WangEtAl2015,
    author   = {H. Wang and S. Liu and J. Gong and N. Wu and J. Lin},
    title    = "{Contribution of velocity vortices and fast shock reflection and refraction to the formation of EUV waves in solar eruptions}",
    journal  = {The Astrophysical Journal},
    year     = 2015,
    pages    = {114--129}
}

@inproceedings{BarkovaJouvet1999,
    author    = {K. Bartkova and D. Jouvet},
    editor    = {J. Smith},
    title     = "{Selective prosodic post-processing for improving recognition of French telephone numbers}",
    date      = {1999},
    booktitle = "{Proc. of the 7th European Conference on Speech Communication and Technology}",
    publisher = {Taylor and Francis},
    location  = {Londres},
    pages     = {267--270},
    year = 1999
}

@inbook{Mitchell2001,
    author       = {J. K. Mitchell}, 
    title        = "{Geotechnical and Geoenvironmental Engineering Handbook}",
    chapter      = "{Physicochemistry of Soils for Geoenvironmental Engineering}",
    pages        = {691--710},
    publisher    = "{Kluger Academic Publishers}",
    address      = "{Boston}",
    year         = 2001
}

@webpage{CFDwebpage,
    author = {Wikipedia},
    title = {Computational fluid dynamics},
    howpublished = {Tomado de \url{https://en.wikipedia.org/wiki/Computational_fluid_dynamics} (10/07/2018)},
    year = 2011
}

@manual{Indura2010,
    author       = {M. {Ibarra Echeverría} and E. {Núñez Solís} and J.M. {Huerta Ibáñez}}, 
    title        = {Manual de Aceros inoxidables},
    organization = {{INDURA S.A.}},
    address      = {Cerritos, Chile},
    year         = 2010
}

@techreport{NACA460,
    author       = {E. Jacobs and K. Ward and R. Pinkerton}, 
    title        = {The characteristics of 78 related airfoils sections from tests in the
                    variable-density wind tunnel},
    institution  = {{National Advisory Commitee for Aeronautics (NACA)}},
    number       = 460,
    address      = {Washington {D.C.}},
    year         = 1935
}

@thesis{Krause2014,
    author       = {G. Krause}, 
    title        = {Análisis teórico y numérico de atractores e intermitencia en la ecuación {DNLS}},
    school       = {{Facultad de Ciencias Exactas, Físicas y Naturales; 
                    Universidad Nacional de Córdoba}},
    address      = {Córdoba, Argentina},
    note         = {Tesis doctoral},
    year         = 2014
}

@other{Radio2015,
    author       = {J. Pérez}, 
    title        = {Columna semanal},
    howpublished = {Emisión radial},
    year         = 2015,
    note         = {programa {``Tarde de radio''} de {FM 123.4} emitido el 15/03/2015}
}

 @misc{dataset_2022, 
     title={Classificação Produtos Varejo CPG PTBR}, url={https://www.kaggle.com/dsv/4265348}, 
     DOI={10.34740/KAGGLE/DSV/4265348}, 
     publisher={Kaggle}, 
     author={Gilsiley Henrique Darú}, 
     year={2022} 
}

@article{silva2020towards,
  title={Towards automatically filtering fake news in Portuguese},
  author={Silva, Renato M and Santos, Roney LS and Almeida, Tiago A and Pardo, Thiago AS},
  journal={Expert Systems with Applications},
  volume={146},
  pages={113199},
  year={2020},
  publisher={Elsevier}
}

@article{alsmadi2019review,
  title={Review of short-text classification},
  author={Alsmadi, Issa and Gan, Keng Hoon},
  journal={International Journal of Web Information Systems},
  year={2019},
  publisher={Emerald Publishing Limited}
}

@inproceedings{bhavani2021review,
  title={A Review of State Art of Text Classification Algorithms},
  author={Bhavani, A and Kumar, B Santhosh},
  booktitle={2021 5th International Conference on Computing Methodologies and Communication (ICCMC)},
  pages={1484--1490},
  year={2021},
  organization={IEEE}
}

@article{pedregosa2011scikit,
 title={Scikit-learn: Machine Learning in {P}ython},
 author={Pedregosa, F. and Varoquaux, G. and Gramfort, A. and Michel, V.
         and Thirion, B. and Grisel, O. and Blondel, M. and Prettenhofer, P.
         and Weiss, R. and Dubourg, V. and Vanderplas, J. and Passos, A. and
         Cournapeau, D. and Brucher, M. and Perrot, M. and Duchesnay, E.},
 journal={Journal of Machine Learning Research},
 volume={12},
 pages={2825--2830},
 year={2011}
}

@book{10.5555/1593511,
 author = {Van Rossum, Guido and Drake, Fred L.},
 title = {Python 3 Reference Manual},
 year = {2009},
 isbn = {1441412697},
 publisher = {CreateSpace},
 address = {Scotts Valley, CA}
}

@article{bengio2003no,
  title={No unbiased estimator of the variance of k-fold cross-validation},
  author={Bengio, Yoshua and Grandvalet, Yves},
  journal={Advances in Neural Information Processing Systems},
  volume={16},
  year={2003}
}


@article{gandomi2015137,
title = {Beyond the hype: Big data concepts, methods, and analytics},
journal = {International Journal of Information Management},
volume = {35},
number = {2},
pages = {137-144},
year = {2015},
issn = {0268-4012},
doi = {https://doi.org/10.1016/j.ijinfomgt.2014.10.007},
url = {https://www.sciencedirect.com/science/article/pii/S0268401214001066},
author = {Amir Gandomi and Murtaza Haider},
keywords = {Big data analytics, Big data definition, Unstructured data analytics, Predictive analytics},
abstract = {Size is the first, and at times, the only dimension that leaps out at the mention of big data. This paper attempts to offer a broader definition of big data that captures its other unique and defining characteristics. The rapid evolution and adoption of big data by industry has leapfrogged the discourse to popular outlets, forcing the academic press to catch up. Academic journals in numerous disciplines, which will benefit from a relevant discussion of big data, have yet to cover the topic. This paper presents a consolidated description of big data by integrating definitions from practitioners and academics. The paper's primary focus is on the analytic methods used for big data. A particular distinguishing feature of this paper is its focus on analytics related to unstructured data, which constitute 95% of big data. This paper highlights the need to develop appropriate and efficient analytical methods to leverage massive volumes of heterogeneous data in unstructured text, audio, and video formats. This paper also reinforces the need to devise new tools for predictive analytics for structured big data. The statistical methods in practice were devised to infer from sample data. The heterogeneity, noise, and the massive size of structured big data calls for developing computationally efficient algorithms that may avoid big data pitfalls, such as spurious correlation.}
}

@book{BPLN:2023,
 title={ Processamento de Linguagem Natural: Conceitos, Técnicas e Aplicações em Português},
editor ={ Caseli, H.M. and Nunes, M.G.V. },
 year={2023},
 publisher={ BPLN },
isbn ={978-65-00-80693-9},
 note = {\url{https://brasileiraspln.com/livro-pln}}
}

@article{mikolov2013,
  title={Efficient estimation of word representations in vector space},
  author={Mikolov, Tomas and Chen, Kai and Corrado, Greg and Dean, Jeffrey},
  journal={arXiv preprint arXiv:1301.3781},
  year={2013}
}
@ARTICLE{9530464,
  author={Kahloot, Khalid M. and Ekler, Peter},
  journal={IEEE Access}, 
  title={Algorithmic Splitting: A Method for Dataset Preparation}, 
  year={2021},
  volume={9},
  number={},
  pages={125229-125237},
  doi={10.1109/ACCESS.2021.3110745}}
@webpage{scikitlogreg,
    author = {Scikit Learn Documentation},
    title = {Logistic Regression},
    howpublished = {Tomado de \url{https://scikit-learn.org/stable/modules/generated/sklearn.linear_model.LogisticRegression.html} (10/07/2022)},
    year = 2022
}



@webpage{scikitaccuracy,
    author = {Scikit Learn Documentation},
    title = {Logistic Regression},
    howpublished = {Tomado de \url{https://scikit-learn.org/stable/modules/model_evaluation.html#accuracy-score} (10/07/2022)},
    year = 2022
}

@webpage{scikitsvc,
    author = {Scikit Learn Documentation},
    title = {Support Vector Classification},
    howpublished = {Tomado de \url{https://scikit-learn.org/stable/modules/svm.html#svc} (10/07/2022)},
    year = 2022
}

@misc{mikolov,
  doi = {10.48550/ARXIV.1301.3781},
  url = {https://arxiv.org/abs/1301.3781},
  author = {Mikolov, Tomas and Chen, Kai and Corrado, Greg and Dean, Jeffrey},
  keywords = {Computation and Language (cs.CL), FOS: Computer and information sciences, FOS: Computer and information sciences},
  title = {Efficient Estimation of Word Representations in Vector Space},
  publisher = {arXiv},
  year = {2013},
  copyright = {arXiv.org perpetual, non-exclusive license}
}



@article{korde2012text,
  title={Text classification and classifiers: A survey},
  author={Korde, Vandana and Mahender, C Namrata},
  journal={International Journal of Artificial Intelligence \& Applications},
  volume={3},
  number={2},
  pages={85},
  year={2012},
  publisher={Academy \& Industry Research Collaboration Center (AIRCC)}
}



@article{shah2020comparative,
  title={A comparative analysis of logistic regression, random forest and KNN models for the text classification},
  author={Shah, Kanish and Patel, Henil and Sanghvi, Devanshi and Shah, Manan},
  journal={Augmented Human Research},
  volume={5},
  number={1},
  pages={1--16},
  year={2020},
  publisher={Springer}
}


@article{pranckevivcius2017comparison,
  title={Comparison of naive bayes, random forest, decision tree, support vector machines, and logistic regression classifiers for text reviews classification},
  author={Pranckevi{\v{c}}ius, Tomas and Marcinkevi{\v{c}}ius, Virginijus},
  journal={Baltic Journal of Modern Computing},
  volume={5},
  number={2},
  pages={221},
  year={2017},
  publisher={University of Latvia}
}



@book{Alarcos1999,
    author    = {E. {Alarcos Llorach}},
    title     = "{Gramática de la Lengua Española}",
    publisher = "{Editorial Espasa Calpe}",
    address   = "{Madrid}",
    year     = 1999
}

@article{ArslanHansen1996,
    author    = {L. M. Arslan and J. H. L. Hansen},
    title     = "{Language accent classification in American English}",
    journal   = "{Speech Communication}",
    volume    = {18},
    number    = {1},
    pages     = {353--367},
    year      = 1996
}

@article{WangEtAl2015,
    author   = {H. Wang and S. Liu and J. Gong and N. Wu and J. Lin},
    title    = "{Contribution of velocity vortices and fast shock reflection and refraction to the formation of EUV waves in solar eruptions}",
    journal  = {The Astrophysical Journal},
    year     = 2015,
    pages    = {114--129}
}

@inproceedings{BarkovaJouvet1999,
    author    = {K. Bartkova and D. Jouvet},
    editor    = {J. Smith},
    title     = "{Selective prosodic post-processing for improving recognition of French telephone numbers}",
    date      = {1999},
    booktitle = "{Proc. of the 7th European Conference on Speech Communication and Technology}",
    publisher = {Taylor and Francis},
    location  = {Londres},
    pages     = {267--270},
    year = 1999
}

@inbook{Mitchell2001,
    author       = {J. K. Mitchell}, 
    title        = "{Geotechnical and Geoenvironmental Engineering Handbook}",
    chapter      = "{Physicochemistry of Soils for Geoenvironmental Engineering}",
    pages        = {691--710},
    publisher    = "{Kluger Academic Publishers}",
    address      = "{Boston}",
    year         = 2001
}

@webpage{CFDwebpage,
    author = {Wikipedia},
    title = {Computational fluid dynamics},
    howpublished = {Tomado de \url{https://en.wikipedia.org/wiki/Computational_fluid_dynamics} (10/07/2018)},
    year = 2011
}

@manual{Indura2010,
    author       = {M. {Ibarra Echeverría} and E. {Núñez Solís} and J.M. {Huerta Ibáñez}}, 
    title        = {Manual de Aceros inoxidables},
    organization = {{INDURA S.A.}},
    address      = {Cerritos, Chile},
    year         = 2010
}

@techreport{NACA460,
    author       = {E. Jacobs and K. Ward and R. Pinkerton}, 
    title        = {The characteristics of 78 related airfoils sections from tests in the
                    variable-density wind tunnel},
    institution  = {{National Advisory Commitee for Aeronautics (NACA)}},
    number       = 460,
    address      = {Washington {D.C.}},
    year         = 1935
}

@thesis{Krause2014,
    author       = {G. Krause}, 
    title        = {Análisis teórico y numérico de atractores e intermitencia en la ecuación {DNLS}},
    school       = {{Facultad de Ciencias Exactas, Físicas y Naturales; 
                    Universidad Nacional de Córdoba}},
    address      = {Córdoba, Argentina},
    note         = {Tesis doctoral},
    year         = 2014
}

@other{Radio2015,
    author       = {J. Pérez}, 
    title        = {Columna semanal},
    howpublished = {Emisión radial},
    year         = 2015,
    note         = {programa {``Tarde de radio''} de {FM 123.4} emitido el 15/03/2015}
}
@misc{branco2012lingua,
  title={A l{\'\i}ngua portuguesa na era digital--The Portuguese Language in the Digital Age},
  author={Branco, Ant{\'o}nio and Mendes, Am{\'a}lia and Pereira, S{\'\i}lvia and Henriques, Paulo and Pellegrini, Thomas and Meinedo, Hugo and Trancoso, Isabel and Quaresma, Paulo and LIma, Vera and Bacelar, Fernanda},
  year={2012},
  publisher={Springer}
}

@article{naseem2021survey,
  title={A survey of pre-processing techniques to improve short-text quality: a case study on hate speech detection on twitter},
  author={Naseem, Usman and Razzak, Imran and Eklund, Peter W},
  journal={Multimedia Tools and Applications},
  volume={80},
  pages={35239--35266},
  year={2021},
  publisher={Springer}
}

@article{aggarwal2018review,
  title={A review of different text categorization techniques},
  author={Aggarwal, Anubhav and Singh, Jasmeet and Gupta, Dr Kapil},
  journal={International Journal of Engineering \& Technology},
  volume={7},
  number={3.8},
  pages={11--15},
  year={2018}
}

@article{du2019feature,
  title={Feature selection for helpfulness prediction of online product reviews: An empirical study},
  author={Du, Jiahua and Rong, Jia and Michalska, Sandra and Wang, Hua and Zhang, Yanchun},
  journal={PloS one},
  volume={14},
  number={12},
  pages={e0226902},
  year={2019},
  publisher={Public Library of Science San Francisco, CA USA}
}

% Modelos de referências em BibTeX

% ATENCAO:
%
% - para preservar as maiúsculas em siglas nos títulos, use {...}.
    Veja um exemplo na referência "iskandar00" abaixo.

%%%%% exemplo de livro 
@book{iskandar00,
   author	= {J. Iskandar},
   title	= {Normas da {ABNT} Comentadas para Trabalhos Científicos},
   year		= {2000},
   publisher	= {Editora Champagnat (PUCPR)}
}

@book{goossens93,
   author	= {M. Goossens and F. Mittelbach and A. Samarin},
   title	= {The \LaTeX\ Companion},
   year		= {1993},
   publisher	= {Addison-Wesley}
}

@book{oetiker07,
   author	= {T. Oetiker and H. Partl and I. Hyna and E. Schlegl},
   title	= {The Not So Short Introduction to \LaTeXe{}},
   publisher	= {\url{http://www.ctan.org/tex-archive/info/lshort}},
   year		= {2007}
}

%%%%%%%%%%%%%%%%%%%%%%%%%%%%%%
@book{rao2019natural,
  title={Natural language processing with PyTorch: build intelligent language applications using deep learning},
  author={Rao, Delip and McMahan, Brian},
  year={2019},
  publisher={" O'Reilly Media, Inc."}
}

@book{indurkhya2010handbook,
  title={Handbook of natural language processing},
  author={Indurkhya, Nitin and Damerau, Fred J},
  year={2010},
  publisher={Chapman and Hall/CRC}
}

@book{jurafskyspeech,
  title={Speech and Language Processing: An Introduction to Natural Language Processing, Computational Linguistics, and Speech Recognition},
  author={Jurafsky, Daniel and Martin, James H}
}

@book{mitkov2004oxford,
  title={The Oxford handbook of computational linguistics},
  author={Mitkov, Ruslan},
  year={2004},
  publisher={Oxford University Press}
}

@article{oram_2001, title={WordNet: An electronic lexical database. Christiane Fellbaum (Ed.). Cambridge, MA: MIT Press, 1998. Pp. 423.}, volume={22}, DOI={10.1017/S0142716401221079}, number={1}, journal={Applied Psycholinguistics}, publisher={Cambridge University Press}, author={Oram, Peter}, year={2001}, pages={131–134}}


@article{budanitsky2006evaluating,
  title={Evaluating wordnet-based measures of lexical semantic relatedness},
  author={Budanitsky, Alexander and Hirst, Graeme},
  journal={Computational linguistics},
  volume={32},
  number={1},
  pages={13--47},
  year={2006},
  publisher={MIT Press One Rogers Street, Cambridge, MA 02142-1209, USA journals-info~…}
}

%%%%%%%%%%%%%%%%%%%%%%%%%%%%%%%%%%%



%%%%% exemplo de parte de livro
@inbook{Birman89,
   author	= {K. Birman and T. Joseph},
   editor	= {S. Mullender},
   pages	= {293-317},
   publisher	= {Addison-Wesley},
   title	= {Reliable Broadcast Protocols in Distributed Systems},
   year		= {1989}
}

%%%%% exemplo de manual
@manual{Chorus96a,
   title	= {Chorus/Cool-ORB r3 - Product Description},
   organization = {Chorus Systems},      
   note	= {CS/TR-95-157.3},
   month	= {June},
   year		= {1996}
}

%%%%% exemplo de tese de doutorado
@phdthesis{Maziero94,
   author	= {C. Maziero},
   title	= {Conception et réalisation d'un noyau de système
   		   réparti pour la simulation parallèle},
   school	= {IRISA - Université de Rennes I}, 
   address	= {Rennes - France},
   note 	= {137 pgs},
   number	= {1161},
   month	= {June},
   year		= {1994}
}

%%%%% exemplo de dissertação de mestrado
@mastersthesis{Ribeiro97,
   author	= {R. Ribeiro},
   title	= {Proposta de um suporte para simulações orientadas a 
		   objetos distribuídas em uma plataforma aberta},
   school	= {Pós-Graduação em Engenharia Elétrica - Universidade
		   Federal de Santa Catarina}, 
   address	= {Fpolis - SC},
   note 	= {},
   number	= {},
   month	= {Junho},
   year		= {1997}
}

%%%%% exemplo de artigo em revista
@article{Awerbuch85a,
   author	= {B. Awerbuch},
   title	= {Complexity of network synchronization},
   journal	= {Journal of ACM},
   volume	= {32},
   number	= {4},
   pages	= {801-823},
   note 	= {invited paper},
   month	= {October},
   year		= {1985}
}

%%%%% exemplo de artigo em evento
@conference{Adam88,
   author	= {M. Adam and Ph. Ingels and M. Raynal},
   title	= {The meaning of synchronous distributed algorithms run on
		   asynchronous distributed systems},
   booktitle	= {3$^{rd}$ International Symposium on Computer and
		   Information Sciences},
   address	= {Izmir - Turkey},
   pages	= {307-316},
   month	= {November},
   year		= {1988}
}

%%%%% exemplo de relatório técnico
@techreport{bibufpr15,
   author	= {Biblioteca UFPR},
   institution	= {Sistema de Bibliotecas -- Universidade Federal do Paran\'a},
   title	= {Manual de normaliza\c{c}\~ao de documentos cient\'ificos de acordo com as normas da {ABNT}},
   number	= {ISBN 9788584800025},
   address	= {Curitiba PR},
   year		= {2015}
}

%%%%% exemplo de URL (páginas Web)
@misc{maziero15,
   title	= {Modelo {PPGInf UFPR} para teses e dissertações},
   author	= {Carlos Maziero},
   howpublished	= {\url{http://www.inf.ufpr.br/maziero}},
   year		= {2015},
   note		= {Acessado em 30/11/2015}
}


%%%%%%%%%%%%%%%%%%%%%%%%       Minhas Referências
@webpage{scikitlogreg,
    author = {Scikit Learn Documentation},
    title = {Logistic Regression},
    howpublished = {Tomado de \url{https://scikit-learn.org/stable/modules/generated/sklearn.linear_model.LogisticRegression.html} (10/07/2022)},
    year = 2022
}



@webpage{scikitaccuracy,
    author = {Scikit Learn Documentation},
    title = {Logistic Regression},
    howpublished = {Tomado de \url{https://scikit-learn.org/stable/modules/model_evaluation.html#accuracy-score} (10/07/2022)},
    year = 2022
}

@webpage{scikitsvc,
    author = {Scikit Learn Documentation},
    title = {Support Vector Classification},
    howpublished = {Tomado de \url{https://scikit-learn.org/stable/modules/svm.html#svc} (10/07/2022)},
    year = 2022
}

@misc{mikolov,
  doi = {10.48550/ARXIV.1301.3781},
  url = {https://arxiv.org/abs/1301.3781},
  author = {Mikolov, Tomas and Chen, Kai and Corrado, Greg and Dean, Jeffrey},
  keywords = {Computation and Language (cs.CL), FOS: Computer and information sciences, FOS: Computer and information sciences},
  title = {Efficient Estimation of Word Representations in Vector Space},
  publisher = {arXiv},
  year = {2013},
  copyright = {arXiv.org perpetual, non-exclusive license}
}





@article{korde2012text,
  title={Text classification and classifiers: A survey},
  author={Korde, Vandana and Mahender, C Namrata},
  journal={International Journal of Artificial Intelligence \& Applications},
  volume={3},
  number={2},
  pages={85},
  year={2012},
  publisher={Academy \& Industry Research Collaboration Center (AIRCC)}
}


@article{shah2020comparative,
  title={A comparative analysis of logistic regression, random forest and KNN models for the text classification},
  author={Shah, Kanish and Patel, Henil and Sanghvi, Devanshi and Shah, Manan},
  journal={Augmented Human Research},
  volume={5},
  number={1},
  pages={1--16},
  year={2020},
  publisher={Springer}
}


@article{pranckevivcius2017comparison,
  title={Comparison of naive bayes, random forest, decision tree, support vector machines, and logistic regression classifiers for text reviews classification},
  author={Pranckevi{\v{c}}ius, Tomas and Marcinkevi{\v{c}}ius, Virginijus},
  journal={Baltic Journal of Modern Computing},
  volume={5},
  number={2},
  pages={221},
  year={2017},
  publisher={University of Latvia}
}

@article{kobayashi2018text,
  title={Text classification for organizational researchers: A tutorial},
  author={Kobayashi, Vladimer B and Mol, Stefan T and Berkers, Hannah A and Kismih{\'o}k, G{\'a}bor and Den Hartog, Deanne N},
  journal={Organizational research methods},
  volume={21},
  number={3},
  pages={766--799},
  year={2018},
  publisher={SAGE Publications Sage CA: Los Angeles, CA}
}
@inproceedings{hotho2005brief,
  title={A brief survey of text mining.},
  author={Hotho, Andreas and N{\"u}rnberger, Andreas and Paa{\ss}, Gerhard},
  booktitle={Ldv Forum},
  volume={20},
  number={1},
  pages={19--62},
  year={2005},
  organization={Citeseer}
}
@misc{abdallah2017data,
  title={Data Preparation.},
  author={Abdallah, Zahraa Said and Du, Lan and Webb, Geoffrey I},
  year={2017}
}
@inproceedings{yang1999re,
  title={A re-examination of text categorization methods},
  author={Yang, Yiming and Liu, Xin},
  booktitle={Proceedings of the 22nd annual international ACM SIGIR conference on Research and development in information retrieval},
  pages={42--49},
  year={1999}
}
@article{arora2007active,
  title={Active learning for natural language processing},
  author={Arora, Shilpa and Agarwal, Sachin},
  journal={Language Technologies Institute School of Computer Science Carnegie Mellon University},
  year={2007},
  publisher={Citeseer}
}
@article{olsson2009literature,
  title={A literature survey of active machine learning in the context of natural language processing},
  author={Olsson, Fredrik},
  year={2009},
  publisher={Swedish Institute of Computer Science}
}

@article{settles2012active,
  title={Active learning},
  author={Settles, Burr},
  journal={Synthesis lectures on artificial intelligence and machine learning},
  volume={6},
  number={1},
  pages={1--114},
  year={2012},
  publisher={Morgan \& Claypool Publishers}
}
@phdthesis{DaviPereira,
    title    = {Seleção e Controle do Viés de aprendizado ativo},
    school   = {Universidade de São Paulo},
    author   = {dos Santos, Davi Pereira    },
    year     = {2016} 
}

@online{ecommercebrasil,
  author = {Redação Ecommerce Brasil},
  title = {Faturamento do e-commerce em 2022 já é 785\% maior do que antes da pandemia},
  year = 2022,
  url = {https://www.ecommercebrasil.com.br/noticias/faturamentoe-commerce2022-coronavirus/},
  urldate = {2022-08-13}
}
@online{novarejo,
  author = {Luiza Vilela},
  title = {Faturamento do e-commerce em 2022 já é 785% maior do que antes da pandemia},
  year = 2022,
  url = {E-commerce: o setor que cresceu 75% em meio à pandemia},
  urldate = {2022-08-13}
}
@online{alvarengag1,
  author = {Darlan Alvarenga},
  title = {Com pandemia, comércio eletrônico tem salto em 2020 e dobra participação no varejo brasileiro},
  year = 2021,
  url = {https://g1.globo.com/economia/noticia/2021/02/26/com-pandemia-comercio-eletronico-tem-salto-em-2020-e-dobra-participacao-no-varejo-brasileiro.ghtml},
  urldate = {2022-08-13}
}
@book{biemann2014text,
  title={Text mining: From ontology learning to automated text processing applications},
  author={Biemann, Chris and Mehler, Alexander},
  year={2014},
  publisher={Springer}
}

@book{weiss2015fundamentals,
  title={Fundamentals of predictive text mining},
  author={Weiss, Sholom M and Indurkhya, Nitin and Zhang, Tong},
  year={2015},
  publisher={Springer}
}

% Encoding: UTF-8

@Book{mychemistryPac,
	Title                    = {MYCHEMISTRY},
	Author                   = {Niederberger, C.},
	Note                     = {v1.99b},
	Subtitle                 = {Create Reaction Schemes with LATEX2e and Chemfig},
	Year                     = {2017},
	Month                    = {Jun. 13},
	Url                      = {http://repositorios.cpai.unb.br/ctan/macros/latex/contrib/mychemistry/mychemistry_en.pdf},
	Urlaccessdate            = {26 jun. 2017},
	Owner                    = {marilza},
	Timestamp                = {2017.06.26}
}

@Book{chemmacrosPac,
	Title                    = {CHEMMACROS},
	Author                   = {Niederberger, C.},
	Note                     = {v5.8a},
	Subtitle                 = {comprehensive support for typesetting chemistry documents},
	Year                     = {2012},
	Month                    = {Dez. 12},
	Url                      = {http://linorg.usp.br/CTAN/macros/latex/contrib/chemmacros/chemmacros_en.pdf},
	Urlaccessdate            = {26 jun. 2017},
	Owner                    = {marilza},
	Timestamp                = {2017.06.26}
}

@Book{etoolboxPack,
	Title                    = {The etoolbox package},
	Author                   = {Lehman, P. and Wright, J.},
	Note                     = {Version v2.4},
	Subtitle                 = {an e-TeX toolbox for class and package},
	Year                     = {2017},
	Month                    = {Jan. 2},
	Url                      = {http://repositorios.cpai.unb.br/ctan/macros/latex/contrib/etoolbox/etoolbox.pdf},
	Urlaccessdate            = {26 jun. 2017},
	Owner                    = {marilza},
	Timestamp                = {2017.06.26}
}

@Book{floatPac,
	Title                    = {An improved environment for floats},
	Author                   = {Lingnau, A.},
	Year                     = {2001},
	Month                    = {Nov. 8},
	Url                      = {http://repositorios.cpai.unb.br/ctan/macros/latex/contrib/float/float.pdf},
	Urlaccessdate            = {26 jun. 2017},
	Owner                    = {marilza},
	Timestamp                = {2017.06.26}
}

@Book{xkeyvalPac,
	Title                    = {The xkeyval package},
	Author                   = {Adriaens, H.},
	Note                     = {v2.7a},
	Year                     = {2014},
	Month                    = {Dez. 13},
	Url                      = {http://repositorios.cpai.unb.br/ctan/macros/latex/contrib/xkeyval/xkeyval.pdf},
	Urlaccessdate            = {26 jun. 2017},
	Owner                    = {marilza},
	Timestamp                = {2017.06.26}
}

@Book{ChemFigPac,
	Title                    = {ChemFig},
	Author                   = {Tellechea, C.},
	Note                     = {v1.41},
	Subtitle                 = {a TEX package for drawing molecules},
	Year                     = {2019},
	Month                    = {May 21},
	Url                      = {http://tug.ctan.org/macros/generic/chemfig/chemfig-en.pdf},
	Urlaccessdate            = {14 out. 2019},
	Owner                    = {marilza},
	Timestamp                = {2019.10.14}
}

@Book{TikzPac,
	Title                    = {The TikZ and PGF packages},
	Author                   = {Tantau, T.},
	Note                     = {Version 3.0.1a},
	Subtitle                 = {manual for version 3.0.1a},
	Year                     = {2015},
	Month                    = {August 29},
	Url                      = {http://linorg.usp.br/CTAN/graphics/pgf/base/doc/pgfmanual.pdf},
	Urlaccessdate            = {26 jun. 2017},
	Owner                    = {marilza},
	Timestamp                = {2017.06.26}
}

@Book{abnetxcite,
  Title                    = {O pacote abntex2cite},
  Author                   = {Araujo, L. C.},
  Note                     = {v-1.9.5},
  Subtitle                 = {estilos bibliográficos compatíveis com a {ABNT NBR} 6023},
  Year                     = {2015b},
  Month                    = {28 abr. de},
  Url                      = {http://repositorios.cpai.unb.br/ctan/macros/latex/contrib/abntex2/doc/abntex2cite.pdf},
  Urlaccessdate            = {08 maio 2015},
  Owner                    = {apcalabrez},
  Timestamp                = {2015.10.16}
}

@Book{abnetxcitealf,
  Title                    = {O pacote abntex2cite},
  Author                   = {Araujo, L. C.},
  Note                     = {v-1.9.5},
  Subtitle                 = {tópicos específicos da {ABNT NBR} 10520:2002 e o estilo bibliográfico alfabético (sistema autor-data)},
  Year                     = {2015c},
  Month                    = {28 abr. de},
  Url                      = {http://repositorios.cpai.unb.br/ctan/macros/latex/contrib/abntex2/doc/abntex2cite.pdf},
  Urlaccessdate            = {08 maio 2015},
  Owner                    = {apcalabrez},
  Timestamp                = {2015.10.16}
}

@Book{Bruckman2002,
  Title                    = {Moose crossing proposal},
  Author                   = {Bruckmann, A. S.},
  Note                     = {Mensagem recebida por mediamoo@media.mit.edu em 10 fev. 2002},
  Owner                    = {apcalabrez},
  Timestamp                = {2015.10.16}
}

@Book{Demakopoulou2000,
  Title                    = {Gods and heroes of the european bronze age},
  Address                  = {London},
  Author                   = {Demakopoulou, K. and Arruda, M. L. and Souza, L. S. and Saadi, S.},
  Note                     = {Catalog},
  Pages                    = {303},
  Publisher                = {Thames and Hudson},
  Year                     = {2000},
  Owner                    = {apcalabrez},
  Timestamp                = {2015.09.18}
}

@Book{Hennekens1987a,
  Title                    = {Epidemiology in medicine one},
  Address                  = {Philadelphia},
  Author                   = {Hennekens, C. H. and Buring, J. E.},
  Note                     = {Edited by Sherry L. Mayrent},
  Pages                    = {383},
  Publisher                = {Lippincott Williams \& Wilkins},
  Year                     = {1987},
  Owner                    = {apcalabrez},
  Timestamp                = {2015.09.22}
}

@Book{Kobayashi1980,
  Title                    = {Doença dos xavantes},
  Author                   = {Kobayashi, K.},
  Note                     = {1 fotografia, color., 16 cm x 56 cm},
  Year                     = {1980},
  Owner                    = {apcalabrez},
  Timestamp                = {2015.10.08}
}

@Article{Meyaard2003,
  Title                    = {The epithelial celular adhesion molecule {(Ep-CAM)} is a ligand for the leukocyte-associated immunoglobulin-like receptor {(LAIR)}.},
  Author                   = {Meyaard, L and Arruda, M. L. and Silva, A. M. and Montgomery, R. and Malinowski, J. M},
  Journal                  = {Journal of Experimental Medicine},
  Year                     = {2003},
  Address                  = {New York},
  Month                    = {Oct.},
  Note                     = {Correção de: MEYAARD, L. et al. Journal of Experimental Medicine, New York, v. 194, n. 1, p. 107-112, July 2001},
  Number                   = {7},
  Pages                    = {1129},
  Volume                   = {198},
  Owner                    = {AnaPaula},
  Timestamp                = {2015.10.02}
}

@Article{van1986,
  Title                    = {In search for a paradigm for the discipline of information systems.},
  Author                   = {Van, Gigch, J. P and Pipino, L. L.},
  Journal                  = {Future Computing Systems},
  Year                     = {1986},
  Number                   = {1},
  Pages                    = {71-97},
  Volume                   = {1},
  Owner                    = {apcalabrez},
  Timestamp                = {2015.10.20}
}

@Book{Fonseca2000,
  Title                    = {Oral and maxillofacial surgery},
  Address                  = {Philadelphia},
  Editor                   = {Fonseca, R. J.},
  editortype               = {ed.},
  Furtherresp              = {llustrated by William M. Winn},
  Publisher                = {Saunders},
  Year                     = {2000},
  Owner                    = {apcalabrez},
  Timestamp                = {2015.09.17}
}

@Book{Paciornick1978,
  Title                    = {Dicionário médico},
  Address                  = {Rio de Janeiro},
  Editor                   = {Paciornick, R.},
  Publisher                = {Guanabara Koogan},
  Year                     = {1978},

  Edition                  = {3.},

  Owner                    = {apcalabrez},
  Timestamp                = {2015.09.24}
}

@Book{bionline,
  Title                    = {Bionline Discussion List},
  Org-short                = {Bionline},
  Url                      = {lisserv@bdt.org.br},
  Urlaccessdate            = {25 nov. 1998},

  Owner                    = {apcalabrez},
  Timestamp                = {2015.10.08}
}

@Book{heodegger2015b,
  Note                     = {Construir, habitar e pensar. Tradução de Marcia Sá Cavalcante Schuback},
  Org-short                = {{[HEIDEGGER, M.]}},
  Organization             = {{[HEIDEGGER, M.].}},
  Url                      = {http://www.prourb.fau.ufrj.br/jkos/p2/heidegger_construir,%20habitar,%20pensar.pdf},
  Urlaccessdate            = {01 out. 2015},

  Owner                    = {apcalabrez},
  Timestamp                = {2015.10.08}
}

@Book{nbr6023,
  Title                    = {NBR 6023},
  Address                  = {Rio de Janeiro},
  Org-short                = {Associa{\c c}\~ao Brasileira de Normas T\'ecnicas},
  Organization             = {Associa{\c c}\~ao Brasileira de Normas T\'ecnicas},
  Pages                    = {24},
  Subtitle                 = {informação e documentação: referências: elaboração},
  Year                     = {2002b},

  Owner                    = {apcalabrez},
  Timestamp                = {2015.10.16}
}

@Book{nbr6023a,
	Title                    = {NBR 6023},
	Address                  = {Rio de Janeiro},
	Org-short                = {Associa{\c c}\~ao Brasileira de Normas T\'ecnicas},
	Organization             = {Associa{\c c}\~ao Brasileira de Normas T\'ecnicas},
	Pages                    = {68},
	Subtitle                 = {informação e documentação: referências: elaboração},
	Year                     = {2018},
	
	Owner                    = {martognetti},
	Timestamp                = {2019.09.27}
}

@Book{nbr14724,
  Title                    = {NBR 14724},
  Address                  = {Rio de Janeiro},
  Org-short                = {Associa{\c c}\~ao Brasileira de Normas T\'ecnicas},
  Organization             = {Associa{\c c}\~ao Brasileira de Normas T\'ecnicas},
  Pages                    = {11},
  Subtitle                 = {informação e documentação: trabalhos acadêmicos: apresentação},
  Year                     = {2011},

  Owner                    = {martognetti},
  Timestamp                = {2016.10.29}
}

@Book{nbr147242011,
  Title                    = {NBR 14724},
  Address                  = {Rio de Janeiro},
  Org-short                = {Associa{\c c}\~ao Brasileira de Normas T\'ecnicas},
  Organization             = {Associa{\c c}\~ao Brasileira de Normas T\'ecnicas},
  Pages                    = {15},
  Subtitle                 = {informação e documentação: trabalhos acadêmicos: apresentação},
  Year                     = {2011},

  Owner                    = {apcalabrez},
  Timestamp                = {2015.10.16}
}

@Book{educacao2005,
  Title                    = {Educa{\c c}\~ao para todos},
  Address                  = {Brasília, DF},
  Org-short                = {Educa{\c c}\~ao},
  Publisher                = {Unesco},
  Subtitle                 = {o imperativo da qualidade},
  Year                     = {2005},

  Owner                    = {apcalabrez},
  Timestamp                = {2015.09.21}
}

@Book{nbr6028,
  Title                    = {NBR 6028},
  Address                  = {Rio de Janeiro},
  Org-short                = {Associa{\c c}\~ao Brasileira de Normas T\'ecnicas},
  Organization             = {Associa{\c c}\~ao Brasileira de Normas T\'ecnicas},
  Pages                    = {2},
  Subtitle                 = {informação e documentação: resumo: apresentação},
  Year                     = {2003},

  Owner                    = {martognetti},
  Timestamp                = {2016.10.29}
}

@Book{nbr60282003,
  Title                    = {NBR 6028},
  Address                  = {Rio de Janeiro},
  Org-short                = {Associa{\c c}\~ao Brasileira de Normas T\'ecnicas},
  Organization             = {Associa{\c c}\~ao Brasileira de Normas T\'ecnicas},
  Pages                    = {2},
  Subtitle                 = {informação e documentação: resumo apresentação},
  Year                     = {2003},

  Owner                    = {apcalabrez},
  Timestamp                = {2015.10.16}
}

@Hidden{usp200,
  Title                    = {Bibliotheca universitatis},
  Address                  = {São Paulo},
  Org-short                = {USP},
  Organization             = {Univerisidade de S\~ao Paulo. {Sistema Integrado de Bibliotecas. Departamento Técnico}},
  Pages                    = {705},
  Publisher                = {EDUSP},
  Subtitle                 = {livros impressos dos séculos XV e XVI do acervo bibliográfico da Universidade de São Paulo},
  Owner                    = {apcalabrez},
  Timestamp                = {2015.09.23},
  Year                     = {2000}
}

@Book{resprin1997,
  Title                    = {Resprin},
  Address                  = {São José dos Campos},
  Furtherresp              = {Responsável técnico Delosmar R. Bastos},
  Note                     = {Bula de remédio},
  Publisher                = {Johnson \& Johnson},
  Subtitle                 = {comprimidos},
  Year                     = {1997},

  Owner                    = {apcalabrez},
  Timestamp                = {2015.09.14}
}

@Proceedings{cientifica1996,
  Title                    = {Anais eletrônicos [...]},
  Address                  = {Recife},
  Conference-location      = {Recife},
  Conference-number        = {4},
  Conference-year          = {1996},
  Organization             = {Congresso de Inicia{\c c}\~ao Cient{\'\i}fica da {UFPe}},
  Pages                    = {115},
  Publisher                = {UFPe},
  Url                      = {http;//www.propesq.ufpe.br/anais/anais.htm},
  Urlaccessdate            = {21 jan. 1997},
  Year                     = {1996},

  Owner                    = {Ana Paula},
  Timestamp                = {2015.09.10}
}

@Techreport{World1996,
  Title                    = {Report},
  Address                  = {Geneva},
  Org-short                = {WORLD HEALTH ORGANIZATION},
  Organization             = {WORLD HEALTH ORGANIZATION. {Study Group on Integration on Health Care Delivery}},
  Year                     = {1996},
  Note                     = {(WHO technical report series, 861)},

  Owner                    = {apcalabrez},
  Timestamp                = {2015.09.17}
}

@Article{Emenda1995,
  Title                    = {Emenda Constitucional nº 9, de 9 de novembro de 1995. Dá nova redação ao art. 177 da Constituição Federal, alterando e inserindo parágrafos.},
  Journal                  = { },
  Org-short                = {Brasil},
  Organization             = {Brasil. {Constituição (1988)}},
  Year                     = {1995},
  Address                  = {{\textbf{Lex}: legislação federal e marginalia, São Paulo}},
  Month                    = {out./dez.},
  Pages                    = {1966},
  Volume                   = {59},
  Owner                    = {Marilza},
  Timestamp                = {2019.10.16}
}

@Hidden{cetesb94,
  Title                    = {Bacia hidrográfica do Ribeirão Pinheiros},
  Address                  = {São Paulo},
  Org-short                = {CETESB},
  Organization             = {Companhia Estadual de Tecnologia de Saneamento Ambiental},
  Pages                    = {39},
  Publisher                = {CETESB},
  Subtitle                 = {relatório técnico},
  Owner                    = {apcalabrez},
  Timestamp                = {2015.09.17},
  Year                     = {1994}
}

@Article{brasil1991,
	Title                    = { Resolução nº 17, de
	1991. Autoriza o desbloqueio de Letras Financeiras 
	do Tesouro do Estado do Rio Grande do Sul, através
	de revogação do parágrafo 2º, do artigo 1º da resolução nº 72, de 1990},
	Journal                  = {Coleção de leis da República Federativa do Brasil},
	Organization             = {Brasil. {Congresso. Senado}},
	Org-short                = {Brasil},
	Year                     = {1991},
	Month                    = {maio/jun.},
	Address                  = {Brasília, DF},
	Volume                   = {183},
	Pages                    = {1156-1157},
	Owner                    = {Ana Paula},
	Timestamp                = {2015.09.10}
}

@Patent{Oliveira2005,
	Title                    = {Ponta removível de fibra óptica para uso de
	laser em odontologia e seu processo de fabricação},
	Author                   = {Oliveira, Luiz Antonio and Sousa, M. C. and Silva, E. D. and Juarez, R. S.},
	HowPublished             = {9 set.
	2005},
	Number                   = {Depositante: MM Optics
	Ltda (BR/SP). Procurador: Marcio Loreti. PI 0504038-8 A2},
	Url                      = {https://gru.inpi.gov.br/pePI/servlet/PatenteServletController?Action=detail&CodPedido=687788&SearchParameter=LASER%20EM%20ODONTOLOGIA},
	Urlaccessdate            = {04 nov. 2002},
	Owner                    = {apcalabrez},
	Timestamp                = {2015.09.15}
}

@Patent{Bagnato2018,
	Title                    = {Processo de fotoalvejamento de tecidos},
	Furtherresp              = {Int. CI. D06L 3/12; D06L 3/16 BR 102016014269-5 A2. Depósito: 2 jan},
	Author                   = {{BAGNATO, Vanderlei Salvador}},
	year                     = {2018},
	Owner                    = {marilza},
	Timestamp                = {2019.10.09}
}

@Patent{Vicente2010,
	Title                    = {Reservatório para sabão em pó com suporte para escova},
	Author                   = {{VICENTE, Marcos Fernandes}},
	Furtherresp              = {Depositante: Marcos Fernandes Vicente: MU8802281-1U2, 15 out. 2008, 29 jun, 2010. Depósito: 15 out. 2018. Concessão: 29 jun},
	year                     = {2010},
	Owner                    = {marilza},
	Timestamp                = {2019.10.21}
}

@Patent{Rocha2017,
	Title                    = {Composição veterinária à base de disofenol e suas variadas apresentações, para o combate ao carrapato em caninos},
	Author                   = {{ROCHA, Flavio Alves da}},
	Furtherresp              = {Depositante: Flavio Alves da Rocha. Procurador: São Paulo Marcas e Patentes Ltda. 	BR 10 2017 003276 0 A2. Depósito: 17 fev},
	Year                     = {2017},
	URL                      =
	{https://gru.inpi.gov.br/pePI/servlet/PatenteServletController?Action=detail&CodPedido=1409935&SearchParameter=COMPOSI%C7%C3O%20VETERIN%C1RIA%20%C0%20BASE%20DE%20DISOFENOL%20%20%20%20%20%20&Resumo=&Titulo=}, 
	urlaccessdate            = {1 abr. 2019},
	Owner                    = {marilza},
	Timestamp                = {2019.10.21}
}

@InProceedings{Nitrogenio1994,
	author              = {Valarini, M. J. and Vieira, M. L. C.},
	title               = {Avaliação da fixação de nitrogênio em \textit{Stylosantes guyanensis} derivado de cultura de tecidos.},
	booktitle           = {Resumos...},
	year                = {1994},
	organization        = {Simp\'osio Brasileiro sobre Microbiologia do Solo, 3.; Reuni\~ao de Laboratórios para Recomendação de Estirpes de Rhizobium e Bradyrhizobium de Banco de Dados},
	publisher           = {IAPAR},
	pages               = {34},
	address             = {Londrina},
	conference-location = {Londrina},
	conference-number   = {6},
	conference-year     = {1994},
	owner               = {Ana Paula},
	timestamp           = {2015.09.10},
}

@Article{Abend2002,
	author    = {Abend, S. M. and Kulish},
	title     = {The psychoanalytic method from an epistemological viewpoint},
	journal   = {International Journal of Psycho-Analysis},
	year      = {2002},
	volume    = {83, pt. 2},
	pages     = {491-495},
	address   = {London},
	owner     = {apcalabrez},
	timestamp = {2015.10.02},
}

@PhdThesis{Abreu2015,
	author        = {Abreu, A. E. S.},
	title         = {Investigação geofísica e resistência ao cisalhamento de resíduos sólidos urbanos de diferentes idades},
	year          = {2015},
	type          = {Doutorado em Geotecnia},
	pages         = {230},
	url           = {file:///C:/Users/apcalabrez/Downloads/TeseAbreuAnaElisaSilvadeCorrigcompressed.pdf},
	address       = {São Carlos},
	owner         = {apcalabrez},
	pagename      = {f.},
	school        = {Escola de Engenharia de São Carlos, Universidade de São Paulo},
	timestamp     = {2015.09.24},
	urlaccessdate = {10 set. 2015},
}

@Misc{Alcione1998,
	author      = {Alcione},
	title       = {Ouro e cobre},
	year        = {1998},
	address     = {São Paulo},
	furtherresp = {Direção artística: Miguel Propschi},
	owner       = {Ana Paula},
	publisher   = {RCA Victor},
	timestamp   = {2015.09.10},
}

@MastersThesis{Almeida1995,
	author    = {Almeida, G. A.},
	title     = {Resíduos de pesticida organoclorados no complexo estuarino-lagunar Iguape-Cananéia e rio Ribeira e Iguape},
	year      = {1995},
	type      = {Mestrado em Oceanografia Física},
	pages     = {95},
	address   = {São Paulo},
	owner     = {apcalabrez},
	pagename  = {f},
	school    = {Instituto Oceanográfico, Universidade de São Paulo},
	timestamp = {2015.09.23},
}

@Phdthesis{Alves2002,
	Title                    = {Competividade e tendência da produção de 
	manga para exportação do nordeste do Brasil},
	Address                  = {Piracicaba},
	Author                   = {Alves, J. M.},
	School                   = {Escola Superior de Agricultura "Luiz de 
	Queiroz", Universidade de São Paulo},
	Type                     = {Doutorado em Economia Aplicada},
	Year                     = {2002},
	Owner                    = {apcalabrez},
	Timestamp                = {2015.09.23}
}

@Book{abnetxclasse,
	author        = {Araujo, L. C.},
	title         = {A classe abntex2},
	year          = {2015a},
	subtitle      = {documentos técnicos e científicos brasileiros compatíveis com as normas {ABNT}},
	url           = {http://repositorios.cpai.unb.br/ctan/macros/latex/contrib/abntex2/doc/abntex2cite.pdf},
	note          = {v-1.9.5},
	month         = {28 abr. de},
	owner         = {apcalabrez},
	timestamp     = {2015.10.16},
	urlaccessdate = {08 maio 2015},
}

@Other{araujo2012,
	author        = {Araujo, L. C},
	title         = {Configuração},
	year          = {2012},
	subtitle      = {uma perspectiva de Arquitetura da Informação da Escola de {B}rasília},
    note          = {316 f. Dissertação (Mestrado) — Faculdade de Ciência da Informação, Universidade de Brasília, Brasília, 2012.},
	url           = {http://repositorio.unb.br/bitstream/10482/10450/3/2012_LauroCesarAraujo.pdf},
	owner         = {apcalabrez},
	timestamp     = {2015.09.23},
	urlaccessdate = {08 maio 2015},
}

@MastersThesis{Azevedo2015,
	author        = {Azevedo, E. C.},
	title         = {Preparação bioquímica para caracterização molecular e estrutural do RNA vírus LRV1-4},
	year          = {2015},
	type          = {Mestrado em Ciências},
	pages         = {82},
	url           = {file:///C:/Users/apcalabrez/Downloads/ErikaChangdeAzevedo_ME_corrigida.pdf},
	address       = {São Carlos},
	owner         = {apcalabrez},
	pagename      = {f},
	school        = {Instituto de Física de São Carlos, Universidade de São Paulo},
	timestamp     = {2015.09.24},
	urlaccessdate = {10 set. 2015},
}

@Book{Barbosa2002,
	author       = {Barbosa, M. L},
	title        = {População regional},
	howpublished = {A ser editado pela EDUSP, 2002},
	owner        = {apcalabrez},
	timestamp    = {2015.09.16},
}

@Book{Bottomore1987,
	author    = {Bottomore, T},
	title     = {Introdução à sociologia},
	year      = {1987},
	address   = {São Paulo},
	edition   = {9},
	publisher = {LCT},
	pages     = {320},
	owner     = {apcalabrez},
	timestamp = {2017.06.06},
}

@Book{Clarac1985,
	author    = {Clarac, V and Bonnin, N},
	title     = {De la honte à la colère},
	year      = {1985},
	address   = {Paris},
	publisher = {Anonymes},
	owner     = {apcalabrez},
	timestamp = {2017.06.06},
}

@Article{Boyd1993,
	author    = {Boyd, A. L and Samid, D.},
	title     = {Molecular biology of transgenic animals},
	journal   = {Journal of Animal Science},
	year      = {1993},
	volume    = {71},
	number    = {3},
	pages     = {1-9},
	address   = {Albany},
	owner     = {apcalabrez},
	timestamp = {2015.10.02},
}

@Book{babel2011,
	author        = {Braams, J.},
	title         = {Babel, a multilingual package for use with LATEX’s standard document classes.},
	year          = {2011},
	url           = {https://www.complang.tuwien.ac.at/doc/texlive-latex-base-doc/generic/babel/babel.pdf},
	owner         = {apcalabrez},
	timestamp     = {2015.10.16},
	urlaccessdate = {24 maio 2016},
}

@Book{BRASIL1995,
	author    = {Brasil},
	title     = {Roteiros turísticos},
	year      = {1995},
	address   = {São Paulo},
	publisher = {Folha da manhã},
	pages     = {319},
	owner     = {AnaPaula},
	timestamp = {2015.08.24},
}

@InProceedings{BRAYNER1994,
	author              = {Brayner, A. R. A. and Medeiros, C. B.},
	title               = {Incorporação do tempo em {SGBD} orientado a objetos},
	booktitle           = {Anais [...]},
	year                = {1994},
	organization        = {Simp\'osio Brasileiro de Banco de Dados},
	publisher           = {USP},
	pages               = {16-29},
	address             = {São Paulo},
	conference-location = {São Paulo},
	conference-number   = {9},
	conference-year     = {1994},
	owner               = {Ana Paula},
	timestamp           = {2015.09.10},
}

@Article{Brennan2006,
	author        = {Brennan, R. J. and Sondorp, E.},
	title         = {Humanitarian aid},
	journal       = {British Medical Journal},
	year          = {2006},
	subtitle      = {some political realities},
	volume        = {333},
	number        = {7573},
	pages         = {817-818},
	note          = {Editorial},
	url           = {http://bmj.bmjjournals.com/cgi/reprint/333/7573/817},
	month         = {Oct.},
	address       = {London},
	owner         = {apcalabrez},
	timestamp     = {2015.10.02},
	urlaccessdate = {24 out. 2006},
}

@Book{Castro,
	author    = {Castro, M. C. and Souza, L. S. and Cardoso, R. F and Arruda, M. L.},
	title     = {Cooperação técnica na implementação do Programa Integrado de Desenvolvimento - Polonordeste},
	year      = {1990},
	address   = {Brasília},
	publisher = {PNUD: FAO},
	pages     = {47},
	note      = {Relatório da Missão de Avaliação do Projeto BRA/87/037},
	owner     = {apcalabrez},
	timestamp = {2015.09.17},
}

@Other{Castro1990,
	author    = {Castro, M. C. and Souza, L. S. and Cardoso, R. F and Arruda, M. L.},
	title     = {Cooperação técnica na implementação do Programa Integrado de Desenvolvimento - Polonordeste},
	address   = {Brasília},
	note      = {Relatório da Missão de Avaliação do Projeto BRA/87/037},
	owner     = {apcalabrez},
	pages     = {47},
	publisher = {PNUD: FAO},
	timestamp = {2015.09.17},
	year      = {1990},
}

@InCollection{Catani1989,
	author       = {Catani, A. M.},
	title        = {O que é capitalismo},
	booktitle    = {O que é socialismo e o que é comunismo},
	year         = {1989},
	note         = {(Primeiros Passos, 1)},
	publisher    = {Círculo do Livro},
	pages        = {7-87},
	address      = {São Paulo},
	organization = {Spindel, A.},
	owner        = {apcalabrez},
	timestamp    = {2015.09.25},
}

@Article{Costa2002,
	author    = {Costa, S.},
	title     = {Os sertões},
	journal   = {Revista USP},
	year      = {2002},
	subtitle  = {cem anos},
	note      = {Editorial},
	month     = {jul./ago.},
	address   = {São Paulo},
	owner     = {apcalabrez},
	timestamp = {2015.10.02},
}

@InCollection{simone1977,
	author       = {Costa, S and Silva, A.},
	title        = {Jura secreta. {Intérprete: Simone}},
	booktitle    = {Face a face},
	year         = {1977},
	note         = {1 CD. Faixa 7},
	publisher    = {Emi-Odeon Brasil},
	org-short    = {Simone},
	organization = {Simone},
	owner        = {apcalabrez},
	timestamp    = {2015.10.08},
}

@Article{COSTA1998,
	author    = {Costa, V. R.},
	title     = {À margem da lei},
	journal   = {Em pauta},
	year      = {1998},
	subtitle  = {o programa comunidade solidária},
	number    = {12},
	pages     = {131-148},
	address   = {Rio de Janeiro},
	owner     = {Ana Paula},
	section   = {Revista da Faculdade de Serviço Social da UFRJ},
	timestamp = {2015.09.10},
}

@Book{Denver1974,
	author    = {Denver, John},
	title     = {Poems, prayers \& promises},
	year      = {1974},
	address   = {São Paulo},
	publisher = {RCA records},
	note      = {1 disco (38 min): 33 1/3 rpm, microssulco, estéreo. 104.4049},
	owner     = {apcalabrez},
	timestamp = {2015.10.08},
}

@Thesis{Dias1994,
	author    = {Dias, F. L. F.},
	title     = {Efeito da aplicação de calcário, lodo de esgoto e vinhaça em solo cultivado em sorgo granífero (Sorghum bicolor L. Moench)},
	type      = {Trabalho de Conclusão do Curso (Engenharia Agronômica)},
	year      = {1994},
	pages     = {74},
	address   = {Jaboticabal},
	owner     = {apcalabrez},
	pagename  = {f},
	school    = {Faculdade de Ciências Agrárias e Veterinárias, Universidade Estadual Paulista "Júlio de Mesquita Filho"},
	timestamp = {2015.09.23},
}

@Thesis{Dood2002,
	author    = {Dood, M. J. A.},
	title     = {Silicon photonic crystals and spontaneous emission.},
	type      = {Ph. D. Thesis (Physics)},
	year      = {2002},
	address   = {Utrecht},
	owner     = {apcalabrez},
	school    = {FOM Institute for Atomic- and Molecular Physics, University of Utrecht},
	timestamp = {2015.09.23},
}

@Article{Elewa2006,
	author    = {Elewa, H. H.},
	title     = {Water resources and geomorphological characteristics of Tushka and west of Lake Nasser, Agypt},
	journal   = {Hydrogeology Journal},
	year      = {2006},
	volume    = {16},
	number    = {1},
	note      = {\textit{Ahead of print}},
	address   = {Berlin},
	owner     = {AnaPaula},
	timestamp = {2015.10.02},
}

@Book{EspiritoSanto1987,
	author    = {Esp{\'\i}rito, Santo, A.},
	title     = {Essências de metodologia científica},
	year      = {1987},
	address   = {Londrina},
	subtitle  = {aplicada à educação},
	publisher = {Universidade Estadual},
	owner     = {apcalabrez},
	timestamp = {2015.09.21},
}

@Book{Fagner1988,
	author    = {Fagner, R.},
	title     = {Revelação},
	year      = {1988},
	address   = {Rio de Janeiro},
	publisher = {CBS},
	note      = {1 cassete sonoro (60 min), 3 ¾ pps, estéreo},
	owner     = {AnaPaula},
	timestamp = {2015.10.08},
}

@Book{Farias2001,
	author    = {Farias, A. A. C.},
	title     = {Amor = love},
	year      = {2001},
	address   = {São Paulo},
	subtitle  = {catálogo},
	publisher = {Thomas Cohn},
	note      = {Catálogo de exposição artística Beth Moysés},
	owner     = {apcalabrez},
	timestamp = {2015.09.18},
}

@Book{Giannini2000,
	author    = {Giannini, S. D. and Forti, N. and Diament, J.},
	title     = {Cardiologia preventiva},
	year      = {2000},
	address   = {São Paulo},
	subtitle  = {prevenção primária e secundária},
	publisher = {Atheneu},
	owner     = {apcalabrez},
	timestamp = {2015.09.21},
}

@Book{GlasscockIII1987,
	author    = {Glasscock, III, M. E. and Jackson, C. G. and Josey, A. F.},
	title     = {Abr handbook},
	year      = {1987},
	address   = {New York},
	subtitle  = {auditory brainstem response},
	edition   = {2nd},
	publisher = {Tieme Medical},
	owner     = {apcalabrez},
	timestamp = {2015.09.21},
}

@Book{Gomes,
	author      = {Gomes, A. C. and Vechi, C. A.},
	title       = {Estática romântica},
	year        = {1992},
	address     = {São Paulo},
	subtitle    = {textos doutrinários},
	publisher   = {Atlas},
	pages       = {186},
	furtherresp = {Tradução {de} Maria Antonia Simões Nunes, Duílio Colombini},
	owner       = {apcalabrez},
	timestamp   = {2015.09.17},
}

@Hidden{Gomes1992,
	address     = {São Paulo},
	author      = {Gomes, A. C. and Vechi, C. A.},
	pages       = {186},
	publisher   = {Atlas},
	subtitle    = {textos doutrinários},
	title       = {Estática romântica},
	furtherresp = {Tradução Maria Antonia Simões Nunes, Duílio Colombini},
	owner       = {apcalabrez},
	timestamp   = {2015.09.17},
	year        = {1992},
}

@Book{Gomes1980,
	author    = {Gomes, C. B. and Keil, K.},
	title     = {Brazilian stone meteorites},
	year      = {1980},
	address   = {Albuquerque},
	publisher = {University of New Mexico},
	owner     = {apcalabrez},
	timestamp = {2015.09.21},
}

@Book{GOMES1998,
	author    = {Gomes, l. G. F. F.},
	title     = {Novela e sociedade no Brasil},
	year      = {1998},
	address   = {Niteroi},
	volume    = {15},
	publisher = {EdUFF},
	pages     = {137 p.},
	series    = {Coleção Antropologia e Ciência Política},
	owner     = {AnaPaula},
	type      = {Book},
}

@Book{Gubitoso1989,
	author    = {Gubitoso, M. D.},
	title     = {Máquina worm},
	year      = {1989},
	address   = {São Paulo},
	subtitle  = {simulador de máquinas paralelas},
	publisher = {IME-USP},
	pages     = {29},
	note      = {Relatório técnico, Rt-Mac-8908},
	owner     = {apcalabrez},
	timestamp = {2015.09.17},
}

@InProceedings{guncho1998,
	author              = {Guncho, M. R.},
	title               = {A educação à distância e a biblioteca universitária},
	booktitle           = {Anais [...]},
	year                = {1998},
	note                = {1-CD-ROM},
	organization        = {Seminário de Bibliotecas Universitárias},
	publisher           = {Tec Treina},
	address             = {Fortaleza},
	conference-location = {Fortaleza},
	conference-number   = {10},
	conference-year     = {1998},
	owner               = {Ana Paula},
	timestamp           = {2015.09.10},
}

@Article{GURGEL1997,
	author    = {Gurgel, C.},
	title     = {Reforma do Estado e segurança pública},
	journal   = {Política e Administração},
	year      = {1997},
	volume    = {3},
	number    = {2},
	owner     = {AnaPaula},
	timestamp = {2015.08.24},
	type      = {Magazine Article},
}

@Article{Harrison2001,
	author    = {Harrison, P.},
	title     = {Update on pain management for advanced genitourinary cancer},
	journal   = {Journal of Urology},
	year      = {2001},
	volume    = {165},
	number    = {6},
	pages     = {1849-1858},
	month     = {June},
	address   = {Baltimore},
	owner     = {AnaPaula},
	timestamp = {2015.10.02},
}

@Book{Hennekens1987b,
	author    = {Hennekens, C. H. and Buring, J. E.},
	title     = {Epidemiology in medicine},
	year      = {1987},
	address   = {Philadelphia},
	publisher = {Lippincott Williams \& Wilkins},
	pages     = {383},
	note      = {Edited by Sherry L. Mayrent},
	owner     = {apcalabrez},
	timestamp = {2015.09.22},
}

@Thesis{Herbrick1989,
	author    = {Herbrick, R. T.},
	title     = {The identification of criteria essential for analysing cardiac rehabilitation programs},
	type      = {(Masters thesis)},
	year      = {1989},
	pages     = {188},
	address   = {Long Beach},
	owner     = {apcalabrez},
	pagename  = {f.},
	school    = {California State University at Long Beach},
	timestamp = {2015.09.23},
}

@Article{Hofling1993,
	author    = {Hofling, E.},
	title     = {Livro descreve os 134 tipos de aves do campus da {USP}},
	journal   = {O Estado de S. Paulo},
	year      = {1993},
	note      = {Cidades, Caderno 7, p. 15. Depoimento a Luiz Roberto de Souza Queiroz},
	month     = {15 out.},
	address   = {São Paulo},
	owner     = {AnaPaula},
	timestamp = {2015.10.02},
}

@Article{Hood1999,
	author    = {Hood, D. W.},
	title     = {The utility of complete genome sequences in the study of pathogenic bacteria},
	journal   = {Parasitology},
	year      = {1999},
	volume    = {119},
	pages     = {S3-S9},
	note      = {Supplement},
	address   = {Cambridge},
	owner     = {apcalabrez},
	timestamp = {2015.10.02},
}

@InProceedings{KALATZIS2010,
	author        = {Kalatzis, A. E. G. and Castro, F.},
	title         = {Financial development and financial constraints on firms investment decisions},
	year          = {2010},
	note          = {(2010 Atenas, GRC)},
	publisher     = {ICOAE},
	month         = {26 a 28 de agosto de 2010},
	pages         = {381-388},
	url           = {http://kastoria.teikoz.gr/icoae2/wordpress/wp-content/uploads/articles/2011/10/042.pdf},
	owner         = {AnaPaula},
	timestamp     = {2015.08.24},
	type          = {Conference Paper},
	urlaccessdate = {20 set. 2015},
}

@Misc{KOBAYASHI1980,
	author    = {Kobayashi, K.},
	title     = {Doenças dos xavantes},
	year      = {1980},
	note      = {1 fot., color. 16 cm X 56 cm.},
	owner     = {Ana Paula},
	timestamp = {2015.09.10},
}

@Book{KOK2013,
	author        = {Kok, Ad},
	title         = {Biomass as feedstock for the industry},
	year          = {2013},
	address       = {Rotterdan},
	subtitle      = {road to perdition or the promised land?},
	publisher     = {Hogeschool Rotterdam},
	isbn          = {9789051798340},
	pages         = {60},
	url           = {http://natschool.hro.nl/CMS/__OAI/HR%20Kennisbank/Publicaties/Kenniscentrum%20RDM/Kok/23.%20A.%20de%20Kok%202013%20OL%20Biomass%20as%20feedstock%20for%20industrie.pdf/23.%20A.%20de%20Kok%202013%20OL%20Biomass%20as%20feedstock%20for%20industrie.pdf},
	owner         = {AnaPaula},
	urlaccessdate = {20 set. 2014},
}

@Article{Krauss1997,
	author    = {Krauss, J. K. and Souza, L. S. and Silva, A. M. and Arruda, M. L. and Mansilla, H. C. F.},
	title     = {Flow void of cerebrospinal fluid in idiopathic normal pressure hydrocephalus of the elderly},
	journal   = {Neurosurgery},
	year      = {1997},
	subtitle  = {can it predict outcome after shunting?},
	volume    = {40},
	number    = {1},
	pages     = {67-73},
	note      = {Discussion 73-74},
	address   = {Baltimore},
	owner     = {apcalabrez},
	timestamp = {2015.10.02},
}

@Article{Lacasse2005,
	author        = {Lacasse, J. R. and Leo, J.},
	title         = {Serotonin and depression: a disconnect between the advertisements and the scientific literature},
	journal       = {Plos Medicine},
	year          = {2005},
	volume        = {2},
	number        = {12},
	pages         = {e392},
	note          = {2 \emph{Open access}},
	url           = {http://www.plosmedicine.org},
	month         = {Dec.},
	address       = {San Francisco},
	owner         = {apcalabrez},
	timestamp     = {2015.10.08},
	urlaccessdate = {15 mar. 2006},
}

@Misc{levi1997,
	author       = {Levi, R.},
	title        = {Edifício Columbus de propriedade de Lambeto Ramengoli à Rua da Paz, esquina da Avenida Brigadeiro Luiz Antonio},
	year         = {1997},
	subtitle     = {n. 1930-33},
	howpublished = {Plantas diversas. Originais em papel vegetal},
	owner        = {Ana Paula},
	pagename     = {f.},
	pages        = {108},
	timestamp    = {2015.09.10},
}

@Article{Malinowski2000,
	author    = {Malinowski, J. M and Bolesta, S.},
	title     = {Rosiglitazone in the treatment of type 2 diabetes mellitus},
	journal   = {Clinical Therapetucis},
	year      = {2000},
	subtitle  = {a critical review},
	volume    = {22},
	number    = {10},
	pages     = {1151-1168},
	note      = {Errata em: Clinical Therapeutics, Princeton, v. 23, n. 2, p. 309, 2001},
	address   = {Princeton},
	owner     = {apcalabrez},
	timestamp = {2015.10.02},
}

@Article{mansilla1998,
	author    = {Mansilla, H. C. F.},
	title     = {La controversia entre universalismo y particularismo en la filosofia de la cultura},
	journal   = {Revista Latinoamericana de Filosofia},
	year      = {1998},
	volume    = {24},
	address   = {Bueno Aires},
	owner     = {Ana Paula},
	timestamp = {2015.09.10},
}

@InProceedings{martin1997,
	author              = {Martin Neto, L. and Bayer, C. and Mielniczzuk, J.},
	title               = {Alterações qualitativas da matéria orgânica e os fatores determinantes da sua estabilidade num solo podzólico vermelho-escuro em diferentes sistemas e manejo},
	booktitle           = {Resumos...},
	year                = {1997},
	note                = {ref. 6-141},
	organization        = {Congresso Brasileiro de Ciência do Solo},
	publisher           = {Sociedade Brasileira de Ciência do Solo},
	pages               = {443},
	address             = {Rio de Janeiro},
	conference-location = {Rio de Janeiro},
	conference-number   = {26},
	conference-year     = {1997},
	owner               = {Ana Paula},
	timestamp           = {2015.09.10},
}

@Article{Sena2012,
	author    = {Sena, L and Arruda, M. L. and Silva, A. M. and Montgomery, R. and Malinowski, J. M},
	title     = {The epithelial celular adhesion molecule {(Ep-CAM)} is a ligand for the leukocyte-associated immunoglobulin-like receptor {(LAIR)}.},
	journal   = {Journal of Experimental Medicine},
	year      = {2012},
	volume    = {198},
	number    = {7},
	pages     = {1129},
	note      = {Correção de: MEYAARD, L. et al. Journal of Experimental Medicine, New York, v. 194, n. 1, p. 107-112, July 2001},
	month     = {Oct.},
	address   = {New York},
	owner     = {AnaPaula},
	timestamp = {2015.10.02},
}

@InBook{Montgomery1992,
	author       = {Montgomery, R. and Conway, T. W. and Spector, A. A.},
	title        = {Estructuras de las proteínas},
	booktitle    = {Bioquímica},
	year         = {1992},
	booksubtitle = {casos y texto. 5th ed.},
	organization = {Montgomery, R.; Conway, T. W.; Spector, A. A.},
	publisher    = {Mosby},
	chapter      = {2},
	pages        = {41-90},
	address      = {St. Louis},
	owner        = {apcalabrez},
	timestamp    = {2015.09.25},
}

@InCollection{Moss1999,
	author    = {Moss, D. W. and Henderson, A. R.},
	title     = {Clinical enzymology},
	booktitle = {Tietz textbook of clinical chemistry},
	year      = {1999},
	editor    = {Burtis, C. A. and Ashwood, E. R.},
	edition   = {3rd},
	publisher = {W. B. Saunders},
	chapter   = {22},
	pages     = {617-721},
	address   = {Philadelphia},
	owner     = {apcalabrez},
	timestamp = {2015.09.25},
}

@Article{Naves25abr.1999,
	author    = {Naves, P.},
	title     = {Lagos andinos dão banho de beleza},
	journal   = {Folha de São Paulo},
	year      = {1999},
	note      = {Folha Turismo, Caderno 8, p.~13},
	month     = {25 abr.},
	owner     = {apcalabrez},
	timestamp = {2015.09.16},
}

@Book{Novak1967,
	author    = {Novak, E. R. and Woodruff, J. D.},
	title     = {Novak's ginecologic and obstetric pathology},
	year      = {1967},
	address   = {Philadelphia},
	publisher = {Saunders},
	owner     = {apcalabrez},
	timestamp = {2015.09.21},
}

@Book{Oliva1900,
	author        = {Oliva, M. and Mocot\'o, T.},
	title         = {Fervilhar},
	year          = {{[19--]}},
	subtitle      = {frevo},
	url           = {http://openlink.inter.net/picolino/partitur.htm},
	note          = {1 partitura. Piano},
	owner         = {apcalabrez},
	timestamp     = {2015.10.08},
	urlaccessdate = {5 jan. 2002},
}

@Article{Oliveira2006,
	author    = {Oliveira, R. and Silva, A. M. and Arruda, M. L. and Malinowski, J. M},
	title     = {Preparações radiofarmacêuticas e suas aplicações},
	journal   = {Revista Brasileira de Ciências Farmacêuticas},
	year      = {2006},
	volume    = {42},
	number    = {2},
	pages     = {151-165},
	month     = {abr./jun.},
	address   = {São Paulo},
	owner     = {AnaPaula},
	timestamp = {2015.10.02},
}

@Article{Palagachev2006,
	author        = {Palagachev, D. K. and Recke, L and Softova, L. G.},
	title         = {Applications of the differential calculus to nonlinear elliptic operators with discontinuous coefficients.},
	journal       = {Mathematische Annalen},
	year          = {2006},
	volume        = {336},
	number        = {3},
	pages         = {617-637},
	url           = {http://www.springerlink.com.w10077.dotlib.com.br/content/y767134777841722/fulltext.pdf},
	month         = {Nov.},
	address       = {Berlin},
	owner         = {AnaPaula},
	timestamp     = {2015.10.02},
	urlaccessdate = {17 nov. 2006},
}

@Book{Pasquarelli1987,
	author    = {Pasquarelli, M. L. R. and Krzyzanowski,
	R. F. and Imperatriz, I. M. M. and Noronha, D. P. and Andrade, E. 
	and Zapparoli, M. C. M. and Bonesio, M. C. M. and Lobo, M. P. and 
	Almeida, M. S. and Arruda, R. M. A. and  Plaza, R. T. T.},
	title     = {Avaliação do uso de periódicos},
	year      = {1987},
	address   = {São Paulo},
	publisher = {SIBi-USP},
	pages     = {14},
	owner     = {apcalabrez},
	timestamp = {2015.09.21},
}

@Article{Paula2001,
	author    = {Paula, F. C. E and Cardoso, R. F and Oliveira, A. P. and Silva, A. M. and Guimarães, P. C.},
	title     = {Incinerador de resíduos líquidos e pastosos},
	journal   = {Revista de Engenharia e Ciências Aplicadas},
	year      = {2001},
	volume    = {5},
	note      = {No prelo},
	address   = {São Paulo},
	owner     = {apcalabrez},
	timestamp = {2015.09.16},
}

@Book{PhillipiJunior2000,
	author    = {Phillipi, Junior, A. and Medeiros, C. B. and Silva, A. M. and Piccini, A.},
	title     = {Interdisciplinaridade em ciências ambientais},
	year      = {2000},
	address   = {São Paulo},
	publisher = {Signus},
	pages     = {318},
	series    = {Série textos básicos para a formação ambiental, 5},
	owner     = {apcalabrez},
	timestamp = {2015.09.21},
}

@Book{Piccini1999,
	author    = {Piccini, A.},
	title     = {Cortiços na cidade},
	year      = {1999},
	address   = {São Paulo},
	subtitle  = {conceito e preconceito na reestruturação do centro urbano de {S}ão {P}aulo},
	publisher = {Annablume},
	pages     = {166},
	owner     = {apcalabrez},
	timestamp = {2015.09.21},
}

@Book{Piccini1996,
	author    = {Piccini, A.},
	title     = {Casa de Babylonia},
	year      = {1996},
	address   = {São Paulo},
	subtitle  = {estudo da habitação rural no interior de {S}ão {P}aulo},
	publisher = {Annablume},
	pages     = {165},
	owner     = {apcalabrez},
	timestamp = {2015.09.23},
}

@Book{Poggiani1992,
	author    = {Poggiani, F. and Souza, L. S. and Arruda, M. L. and Gurgel, C.},
	title     = {Parecer sobre o Projeto de Revegetação nas Áreas do Gasoduto de Merluza},
	year      = {1992},
	address   = {Piracicaba},
	publisher = {IPEF: ESALQ, Depto. Ciências Florestais},
	pages     = {5},
	note      = {Parecer técnico apresentado à Petrobrás, Cubatão.},
	owner     = {apcalabrez},
	timestamp = {2015.09.17},
}

@Article{Porter2006,
	author        = {Porter, E.},
	title         = {This time, it´s not the economy},
	journal       = {The New York Times},
	year          = {2006},
	url           = {http://www.nytimes.com/2006/10/24/business/24econ.html?_r=1&ref=business&oref=slogin},
	month         = {24 Oct.},
	address       = {New York},
	owner         = {AnaPaula},
	timestamp     = {2015.10.02},
	urlaccessdate = {24 oct. 2006},
}

@Inbook{Ramos1999,
	author       = {Ramos, M. E. M.},
	title        = {Serviços administrativos na {Bicen da UEPG}},
	booktitle    = {Tecnologia e novas formas de gestão em bibliotecas universitárias},
	organization = {Ramos, M. E. M.},
	year         = {1999},
	publisher    = {UEPG},
	pages        = {157-182},
	address      = {Ponta Grossa},
	owner        = {apcalabrez},
	timestamp    = {2015.09.25},
}

@Article{ribeiro1998,
	author        = {Ribeiro, P. S. G.},
	title         = {Adoação à brasileira},
	journal       = {Datavenia},
	year          = {1998},
	subtitle      = {uma análise sócio jurídica},
	volume        = {3},
	number        = {18},
	url           = {http://www.datavenia.inf.br},
	month         = {ago.},
	address       = {São Paulo},
	owner         = {Ana Paula},
	timestamp     = {2015.09.10},
	urlaccessdate = {10 set. 1998},
}

@InCollection{ROMANO1996,
	author       = {Romano, G.},
	title        = {Imagens da juventude na era moderna},
	booktitle    = {Histórias dos jovens 2},
	year         = {1996},
	editor       = {LEVI, G.},
	editortype   = {ed.},
	booksubtitle = {a época contemporânea},
	edition      = {2},
	publisher    = {Companhia das Letras},
	pages        = {7-16},
	address      = {São Paulo},
	owner        = {AnaPaula},
}

@Book{Saadi1944,
	author      = {Saadi, S.},
	title       = {O jardim das rosas},
	year        = {1944},
	address     = {Rio de Janeiro},
	publisher   = {J. Olympio},
	pages       = {124},
	series      = {Coleção Rubayat},
	note        = {Versão francesa de Franz Toussaint do original árabe},
	furtherresp = {Tradução de Aurélio Buarque de Holanda},
	owner       = {apcalabrez},
	timestamp   = {2015.09.17},
}

@InProceedings{Sabroza1998,
	author              = {Sabroza, P. C.},
	title               = {Globalização e saúde},
	booktitle           = {Anais eletrônicos [...]},
	year                = {1998},
	subtitle            = {impacto nos perfis epidemiológicos das populações},
	note                = {Mesa-redonda},
	organization        = {Congresso Brasileiro de Epidemiologia},
	publisher           = {ABRASCO},
	url                 = {http://www.abrasco.com.br/epino98/},
	address             = {Rio Janeiro},
	conference-location = {Rio de Janeiro},
	conference-number   = {4},
	conference-year     = {1998},
	owner               = {apcalabrez},
	timestamp           = {2015.10.01},
	urlaccessdate       = {17 jan. 1999},
}

@Article{SEKEFF2002,
	author    = {Sekeff, G.},
	title     = {O emprego dos sonhos},
	journal   = {Domingo},
	year      = {2002},
	volume    = {26},
	number    = {1344},
	pages     = {30-36},
	month     = {3 fev.},
	owner     = {Ana Paula},
	timestamp = {2015.09.10},
}

@Article{silva1998,
	author        = {Silva, M. M. L.},
	title         = {Crime da era digital},
	journal       = {Net},
	year          = {1998},
	note          = {Seção Ponto de Vista},
	url           = {http://brazilnet.com.br/contexts/brasilrevista.htm},
	address       = {Rio de Janeiro},
	owner         = {Ana Paula},
	timestamp     = {2015.09.10},
	urlaccessdate = {28 nov. 1998},
}

@InProceedings{SILVA1996,
	author              = {Silva, M. M. L., R. N. and Oliveira, R.},
	title               = {Os limites pedagógicos do paradpara da qualidade total na educação},
	booktitle           = {Anais eletrônicos [...]},
	year                = {1996},
	organization        = {Congresso de Inicia{\c c}\~ao Cient{\'\i}fica daa {UFPe}},
	publisher           = {UFPe},
	url                 = {http;//www.propesq.ufpe.br/anais/anais/educ/ce04.htm},
	address             = {Recife},
	conference-location = {Recife},
	conference-number   = {4},
	conference-year     = {1996},
	owner               = {Ana Paula},
	timestamp           = {2015.09.10},
	urlaccessdate       = {21 jan. 1997},
}

@InProceedings{SOUZA1994,
	author              = {Souza, L. S. and Borges, A. L. and Rezende, J. O.},
	title               = {Influência da correção e do preparo do solo sobre algumas propriedades químicas do solo cultivado com bananeiras},
	booktitle           = {Anais [...]},
	year                = {1994},
	organization        = {Reuni~ao Brasileira de Fertilidade do solo e nutri{\c c}\~ao de plantas},
	publisher           = {EMBRAPA},
	pages               = {3-4},
	address             = {Petrolina},
	conference-location = {Petrolina},
	conference-number   = {21},
	conference-year     = {1994},
	owner               = {Ana Paula},
	timestamp           = {2015.09.10},
}

@Article{Sukikara2007,
	author    = {Sukikara, M. H. and Arruda, M. L. and Softova, L. G. and Malinowski, J. M},
	title     = {Opiate regulation of behavioral selection during lactation},
	journal   = {Pharmacology, Biochemistry and Behavior},
	year      = {2007},
	volume    = {87},
	pages     = {315-320},
	note      = {{d}oi:10.1016/j.pbb.2007.05.005},
	address   = {Phoenix},
	owner     = {apcalabrez},
	timestamp = {2015.10.08},
}

@Book{Thome1999,
	author    = {Thom\'e, V. M. R. and Souza, L. S. and Oliveira, A. P. and Silva, A. M.},
	title     = {Zoneamento agroecológico e socioeconômico do Estado de Santa Catarina},
	year      = {1999},
	address   = {Florianópolis},
	subtitle  = {versão preliminar},
	publisher = {EPAGRI},
	note      = {1 CD-ROM},
	owner     = {apcalabrez},
	timestamp = {2015.09.28},
}

@Article{Tollivet1994,
	author    = {Tollivet, M},
	title     = {Agricultura e meio ambiente: reflexões sociológicas},
	journal   = {Estudos Econômicos},
	year      = {1994},
	volume    = {24},
	pages     = {138-198},
	note      = {Número especial},
	address   = {São Paulo},
	owner     = {apcalabrez},
	timestamp = {2015.10.02},
}

@Book{Villa-Lobos1916,
	author    = {Villa-Lobos, H.},
	title     = {Coleções de quartetos modernos},
	year      = {1916},
	address   = {Rio de Janeiro},
	subtitle  = {cordas},
	publisher = {},
	note      = {1 partitura [23 p.]. Violoncelo},
	owner     = {apcalabrez},
	timestamp = {2015.10.08},
}

@Book{Weitzc2016,
	author        = {Weitz, J},
	title         = {Cataloging electronic resources},
	year          = {c2016},
	address       = {Dublin},
	subtitle      = {OCLC-MARC coding guidelines},
	publisher     = {OCLC},
	url           = {https://www.oclc.org/support/services/worldcat/documentation/cataloging/electronicresources.en.html},
	owner         = {apcalabrez},
	timestamp     = {2016.04.01},
	urlaccessdate = {06 abr. 2016},
}

@Manual{memoir2010,
	author        = {Wilson, P. and Madsen, L.},
	title         = {The memoir class for configurable typesetting},
	year          = {2010},
	subtitle      = {user guide},
	url           = {http://mirrors.ctan.org/macros/latex/contrib/memoir/memman.pdf},
	address       = {Normandy Park, WA},
	owner         = {apcalabrez},
	timestamp     = {2015.10.16},
	urlaccessdate = {08 maio 2015},
}

@Article{Wu1999,
	author        = {Wu, H. and Silva, A. M. and Montgomery, R. and Arruda, M. L.},
	title         = {Parametric sensitivity in fixed-bed catalytic reactors with reverse flow operation},
	journal       = {Chemical Engineering Science},
	year          = {1999},
	volume        = {54},
	number        = {20},
	url           = {http://www.probe.br/sciencedirect.html},
	address       = {London},
	owner         = {AnaPaula},
	timestamp     = {2015.10.02},
	urlaccessdate = {8 nov. 1999},
}

@InCollection{Zelen2000,
	author     = {Zelen, M.},
	title      = {Theory and practice of clinical trials},
	booktitle  = {Cancer medicine e.5},
	year       = {2000},
	editor     = {Bast, Junior, R. C. and Arruda, A. C. and Marques, A. P. and Oliveira, A. C.},
	editortype = {ed.},
	note       = {CD-ROM},
	publisher  = {BC Decker},
	address    = {Hamilton},
	owner      = {apcalabrez},
	timestamp  = {2015.09.28},
}

@InBook{Zelen2000teste,
	author     = {Zelen, M.},
	title      = {Theory and practice of clinical trials},
	booktitle  = {Cancer medicine e.5},
	year       = {2000},
	editor     = {Bast, Junior, R. C. and Arruda, A. C. and Marques, A. P. and Oliveira, A. C.},
	editortype = {ed.},
	note       = {CD-ROM},
	publisher  = {BC Decker},
	address    = {Hamilton},
	owner      = {apcalabrez},
	timestamp  = {2015.09.28},
}

@Book{delvecchio1995,
	title       = {A vista de antejo longa mira},
	year        = {1995},
	address     = {Milão},
	editor      = {Del, Vecchio, M},
	subtitle    = {los antejos del Luxottica, as lunetas do Museo Luxottica.},
	publisher   = {Arti Grafiche Salea Luxottica},
	editortype  = {comp.},
	furtherresp = {Tradução de G. Lizabe M. Maglione, Monique Di Prima},
	owner       = {apcalabrez},
	timestamp   = {2015.09.21},
}

@Book{Dudek2006,
	title         = {Nutrition essentials for nursing practice},
	year          = {2006},
	address       = {Philadelphia},
	editor        = {Dudek, S. G.},
	editortype    = {ed.},
	edition       = {5th},
	publisher     = {Lippincott Williams \& Wilkins},
	url           = {http://gateway.ut.ovid.com/gw1/ovidweb.cgi},
	owner         = {apcalabrez},
	timestamp     = {2015.09.28},
	urlaccessdate = {28 set. 2011},
}

@Book{KOOGAN1998,
	title      = {Enciclopédia e dicionário digital 98},
	year       = {1998},
	address    = {São Paulo},
	editor     = {KOOGAN, A.; HOUAISS, A.},
	editortype = {ed.},
	publisher  = {Delta: Estadão},
	note       = {5 CD-ROM},
	owner      = {Ana Paula},
	timestamp  = {2015.09.10},
}

@Book{Mostafavi2014,
	title      = {Urbanismo ecológico},
	year       = {2014},
	address    = {São Paulo},
	editor     = {Mostafavi, M. and Doherty, G},
	subtitle   = {por que um urbanismo ecológico? por que agora?},
	publisher  = {Gustavo Gili},
	note       = {{v}.1. Epub},
	editortype = {org.},
	owner      = {apcalabrez},
	timestamp  = {2015.10.08},
}

@Book{Tortamano1989,
	title      = {G.T.O.},
	year       = {1989},
	address    = {São Paulo},
	editor     = {Tortamano, N.},
	subtitle   = {guia terapêutico odontológico},
	edition    = {8. ed.},
	publisher  = {EBO},
	pages      = {248},
	editortype = {coord.},
	owner      = {apcalabrez},
	timestamp  = {2015.09.22},
}

@Book{Wendel1992,
	title     = {Chagas disease (American tripanosomiasis)},
	year      = {1992},
	address   = {São Paulo},
	editor    = {Wendel, S. and Arruda, A. C. and Juarez, C. A. and Marques, A. P.},
	editortype = {ed.},
	subtitle  = {its impact on transfusion and clinical medicine},
	publisher = {SBH},
	owner     = {apcalabrez},
	timestamp = {2015.09.21},
}

@InCollection{acaros1985,
	title         = {Ácaros no Estado de São Paulo (Enseius concordis)},
	booktitle     = {Base de Dados Tropical},
	subtitle      = {banco de dados preparado por Carlos H.W. Flechtmann.},
	booksubtitle  = {no ar desde 1985},
	url           = {http://www.bdt.org/bdt/acarosp.},
	org-short     = {Ácaros},
	organization  = {Funda{\c c}\~ao Tropical De Pesquisas E Tecnologia "Andr\'e Tosello},
	owner         = {apcalabrez},
	timestamp     = {2015.10.08},
	urlaccessdate = {28 nov. 1998},
}

@Book{bule18,
	title     = {Bule de porcela},
	subtitle  = {família Rosa, decorado com buquês e guirlandas de flores sobre fundo branco, pegador de tampa em formato de fruto},
	note      = {[China: Companhia das Índias, 18--]. 1 bule.},
	org-short = {Bule, 18--},
	owner     = {apcalabrez},
	timestamp = {2015.10.08},
}

@Book{heodegger2015,
	title         = {Construir, habitar e pensar},
	url           = {http://www.prourb.fau.ufrj.br/jkos/p2/heidegger_construir,%20habitar,%20pensar.pdf},
	furtherresp   = {Tradução de Marcia Sá Cavalcante Schuback.},
	org-short     = {HEIDEGGER, M.},
	organization  = {{[HEIDEGGER, M.].}},
	owner         = {apcalabrez},
	timestamp     = {2015.10.08},
	urlaccessdate = {01 out. 2015},
}

@Book{science2006,
	title        = {ScienceDirect Search Alert},
	subtitle     = {34 New articles Available on ScienceDirect [mensagem pessoal]},
	note         = {Mensagem recebida por <mjkarval@usp.br> em 17 nov. 2006},
	org-short    = {Sciencedirect Message Center},
	organization = {Sciencedirect Message Center},
	owner        = {apcalabrez},
	timestamp    = {2015.10.08},
}

@Book{Doic2016,
	title         = {The DOI system},
	year          = {c2016},
	address       = {Washington},
	url           = {http://www.doi.org},
	organization  = {International Doi Foundation},
	owner         = {apcalabrez},
	timestamp     = {2016.04.27},
	urlaccessdate = {06 abr. 2016},
}

@Book{nbr10520,
	title        = {NBR 10520},
	year         = {2002a},
	address      = {Rio de Janeiro},
	subtitle     = {informação e documentação: citações em documentos: apresentação},
	pages        = {7},
	org-short    = {Associa{\c c}\~ao Brasileira de Normas T\'ecnicas},
	organization = {Associa{\c c}\~ao Brasileira de Normas T\'ecnicas},
	owner        = {apcalabrez},
	timestamp    = {2015.10.16},
}

@Journalpart{Nature1869,
	address   = {London, GB},
	note      = {ISSN 0028-0836. Semanal},
	publisher = {Macmillan Magazines},
	title     = {Nature},
	year      = {1869-},
	owner     = {apcalabrez},
	timestamp = {2015.10.01},
}

@Book{brasil2016,
	title        = {Saúde},
	year         = {2016},
	address      = {Brasília, DF},
	publisher    = {Secretária da Saúde},
	pages        = {3},
	org-short    = {Brasil},
	organization = {Brasil. {Ministério da Saúde}},
	owner        = {apcalabrez},
	timestamp    = {2015.09.22},
}

@Book{equipeabntex2,
	title        = {Modelo canônico de trabalho acadêmico com abnTEX2},
	year         = {2015},
	pages        = {75},
	org-short    = {Equipe abnTEX2},
	organization = {Equipe abnTEX2},
	owner        = {martognetti},
	timestamp    = {2016.10.29},
}

@Book{buscopan2013,
	title         = {Buscopan},
	year          = {2013},
	address       = {Itapecirica da Serra},
	subtitle      = {composto},
	publisher     = {Boehringer Ingelheim Brasil},
	url           = {http://www.buscopan.com.br/content/dam/internet/chc/buscopan/pt_BR/documents/bula_buscopan_composto_comprimidos_revestidos_paciente.pdf},
	note          = {Bula de remédio},
	furtherresp   = {Responsável Técnico Dímitra Apostolopoulou},
	owner         = {apcalabrez},
	timestamp     = {2015.09.14},
	urlaccessdate = {14 set. 2015},
}

@Book{nbr6024,
	title        = {NBR 6024},
	year         = {2012},
	address      = {Rio de Janeiro},
	subtitle     = {informação e documentação:Numeração progressiva das seções de um documento: apresentação},
	pages        = {15},
	org-short    = {Associa{\c c}\~ao Brasileira de Normas T\'ecnicas},
	organization = {Associa{\c c}\~ao Brasileira de Normas T\'ecnicas},
	owner        = {apcalabrez},
	timestamp    = {2015.10.16},
}

@Book{nbr6027,
	title        = {NBR 6027},
	year         = {2012},
	address      = {Rio de Janeiro},
	subtitle     = {informação e documentação: sumário: apresentação},
	pages        = {7},
	org-short    = {Associa{\c c}\~ao Brasileira de Normas T\'ecnicas},
	organization = {Associa{\c c}\~ao Brasileira de Normas T\'ecnicas},
	owner        = {apcalabrez},
	timestamp    = {2015.10.16},
}

@Book{sibi2009,
	title         = {Diretrizes para apresentação de dissertações e teses da USP},
	year          = {2009},
	address       = {São Paulo},
	subtitle      = {documento eletrônico e impresso {Parte I (ABNT)}},
	edition       = {2},
	publisher     = {Sistema Integrado de Bibliotecas da USP},
	pages         = {102},
	url           = {http://biblioteca.puspsc.usp.br/pdfFiles_Caderno_Estudos_9_PT_1.pdf},
	series        = {Cadernos de Estudos, 9},
	org-short     = {Universidade de S\~ao Paulo},
	organization  = {Universidade de S\~ao Paulo. {Sistema Integrado de Bibliotecas}},
	owner         = {apcalabrez},
	timestamp     = {2015.10.08},
	urlaccessdate = {08 maio 2015.},
}

@Book{sibi2016,
	title         = {Diretrizes para apresentação de dissertações e teses da USP},
	year          = {2016},
	address       = {São Paulo},
	subtitle      = {documento eletrônico e impresso {Parte I (ABNT)}},
	edition       = {3},
	publisher     = {Sistema Integrado de Bibliotecas da USP},
	pages         = {100},
	url           = {http://biblioteca.puspsc.usp.br/wp-content/uploads/2017/04/pdfFiles_Caderno_Estudos_9_PT_1_2016.pdf},
	series        = {Cadernos de Estudos, 9},
	org-short     = {Universidade de S\~ao Paulo},
	organization  = {Universidade de S\~ao Paulo. {Sistema Integrado de Bibliotecas}},
	owner         = {apcalabrez},
	timestamp     = {2017.04.12},
	urlaccessdate = {12 abr. 2017},
}

@Book{aguia2020, 
	title         = {Diretrizes para apresentação de dissertações e teses da USP},
	year          = {2020},
	address       = {São Paulo},
	subtitle      = {{parte I (ABNT)}},
	edition       = {4},
	publisher     = {AGUIA},
	pages         = {75},
	url           = {http://www.livrosabertos.sibi.usp.br/portaldelivrosUSP/catalog/view/459/413/2006-1.pdf},
	series        = {Cadernos de Estudos, 9},
	org-short     = {Universidade de S\~ao Paulo},
	organization  = {Universidade de S\~ao Paulo. {Agência USP de Gestão da Informação Acadêmica}},
	owner         = {marilza},
	timestamp     = {2021.08.13},
	urlaccessdate = {13 ago. 2021},
}

@Book{eesc2016,
	title         = {Diretrizes para elaboração de trabalhos acadêmicos nas EESC-USP},
	year          = {2016},
	address       = {São Carlos},
	edition       = {2},
	publisher     = {EESC-USP},
	pages         = {121},
	url           = {http://biblioteca.eesc.usp.br/images/Diretrizes_TCC_EESC.pdf},
	org-short     = {Universidade de S\~ao Paulo},
	organization  = {Universidade de S\~ao Paulo. {Escola de Engenharia de São Carlos. Serviço de Biblioteca e Comissão de Graduação}},
	owner         = {apcalabrez},
	timestamp     = {2017.04.04},
	urlaccessdate = {04 abr. 2017.},
}

@Book{comandos,
	title         = {Comandos Básicos do {LATEX}},
	year          = {2007},
	address       = {Juiz de Fora},
	publisher     = {UFJF},
	url           = {http://www.fisica.ufjf.br/vwfme/comandoslatex.html},
	urlaccessdate = {25 abr. 2016},
}

@Book{usp2006,
	title         = {Dedalus},
	year          = {2006},
	address       = {São Paulo},
	subtitle      = {banco de dados bibliográficos da {USP}},
	url           = {http://www.usp.br/sibi},
	org-short     = {Universidade de S\~ao Paulo},
	organization  = {Universidade de S\~ao Paulo. {Sistema Integrado de Bibliotecas}},
	owner         = {apcalabrez},
	timestamp     = {2015.10.08},
	urlaccessdate = {16 out. 2006},
}

@Book{abetter2004,
	title     = {A BETTER investiment climate for everyone},
	year      = {2004},
	address   = {Washington},
	publisher = {Oxford University Press},
	org-short = {A Better},
	owner     = {apcalabrez},
	timestamp = {2015.09.21},
}

@Book{Agencia2003,
	title        = {Política vigente para a regulamentação de medicamentos no Brasil},
	year         = {2003},
	address      = {Brasília, DF},
	org-short    = {Ag\^encia Nacional de Vigil\^ancia Sanit\'aria},
	organization = {Ag\^encia Nacional de Vigil\^ancia Sanit\'aria},
	owner        = {apcalabrez},
	timestamp    = {2015.09.22},
}

@Book{atlas2001,
	title         = {Atlas ambiental da Bacia do Rio Corumbataí},
	year          = {2001},
	address       = {Rio Claro},
	publisher     = {CEAPLA, IGCE, UNESP},
	url           = {http://www.rc.unesp.br/igce/ceapla/atlas},
	org-short     = {Atlas},
	owner         = {apcalabrez},
	timestamp     = {2015.10.08},
	urlaccessdate = {8 abr. 2002},
}

@Book{council2001,
	title         = {Nutrient requirements of dairy cattle},
	year          = {2001},
	address       = {Washington},
	edition       = {7th},
	publisher     = {National Academy of Sciences},
	pages         = {408},
	url           = {http:www.nap.edu/books/0309069971/html},
	org-short     = {National Research Council},
	organization  = {National Research Council},
	owner         = {apcalabrez},
	timestamp     = {2015.09.28},
	urlaccessdate = {13 maio 2001},
}

@Book{usp2001,
	title        = {Brasil 50 mil anos},
	year         = {2001},
	address      = {[São Paulo]},
	subtitle     = {uma viagem ao passado pré-colonial, guia temático para professores: catálogo},
	publisher    = {Universidade de São Paulo, Museu de Arqueologia e Etnologia},
	pages        = {28},
	note         = {Catálogo de exposição},
	illustrated  = {il. 19 pranchas},
	org-short    = {Universidade de S\~ao Paulo},
	organization = {Universidade de S\~ao Paulo. {Museu de Arqueologia e Etnologia}},
	owner        = {apcalabrez},
	timestamp    = {2015.09.18},
}

@Book{bibliotecanacional2000,
	title        = {500 anos de Brasil na Biblioteca Nacional},
	year         = {2000},
	address      = {Rio de Janeiro},
	subtitle     = {catálogo},
	pages        = {143},
	note         = {Catálogo da exposição em comemoração aos 500 anos do Brasil e aos 190 anos da Biblioteca Nacional, 13 de dezembro de 2000 a 20 de abril de 2001},
	org-short    = {Biblioteca Nacional {(Brasil)}},
	organization = {Biblioteca Nacional {(Brasil)}},
	owner        = {apcalabrez},
	timestamp    = {2015.09.18},
}

@Book{Dorlands2000,
	title     = {Dorland's illustrated medical dictionary},
	year      = {2000},
	address   = {Philadelphia},
	edition   = {29th},
	publisher = {W.B. Saunders},
	org-short = {DORLAND'S},
	owner     = {apcalabrez},
	timestamp = {2015.09.24},
}

@Journalpart{tres2000,
	address   = {São Paulo},
	month     = {28 jun.},
	number    = {148},
	pages     = {98},
	publisher = {Ed. Três},
	subtitle  = {revista semanal de negócios},
	title     = {Dinheiro},
	year      = {2000},
	owner     = {Ana Paula},
	timestamp = {2015.09.10},
}

@Book{usp2000,
	title        = {Bibliotheca universitatis},
	year         = {2000},
	address      = {São Paulo},
	subtitle     = {livros impressos dos séculos XV e XVI do acervo bibliográfico da Universidade de São Paulo},
	publisher    = {EDUSP},
	pages        = {705},
	org-short    = {Universidade de S\~ao Paulo},
	organization = {Univerisidade de S\~ao Paulo. {Sistema Integrado de Bibliotecas. Departamento Técnico}},
	owner        = {apcalabrez},
	timestamp    = {2015.09.23},
}

@Article{1999,
	title         = {Lei nº 9.887, de 7 de dezembro de 1999. Altera a legislação tributária federal},
	journal       = {Diário Oficial da República Federativa do Brasil},
	year          = {1999},
	url           = {http://www.in.gov.br/mp_leis/leis_texto.aps?Id=Lei%209887},
	month         = {8 dez.},
	address       = {Brasília, DF},
	organization  = {Brasil},
	owner         = {Ana Paula},
	timestamp     = {2015.09.10},
	urlaccessdate = {22 dez. 1999},
}

@Book{estadosunidos1999,
	title        = {1999071318.GIF},
	year         = {1999},
	address      = {Itajaí},
	publisher    = {UNIVALI},
	note         = {1 imagem de satélite. 557 Kb. GOES-08: SE. 13 jul. 1999, 17:45Z, IR04. 1 disquete, 3 ½ pol},
	org-short    = {Estados Unidos},
	organization = {Estados Unidos. {National Oceanic and Atmospheric Administration}},
	owner        = {apcalabrez},
	timestamp    = {2015.10.08},
}

@Inbook{sãopaulo1999,
	organization = {S\~ao Paulo (Estado) Secretaria do Meio Ambiente},
	title        = {Tratados e organizações ambientais em matéria de meio ambiente},
	booktitle    = {Entendendo o meio ambiente},
	year         = {1999},
	organization = {S\~ao Paulo (Estado) Secretaria do Meio Ambiente},
	owner        = {Ana Paula},
	timestamp    = {2015.09.10},
}

@Book{tratados1999,
	title         = {Entendendo o meio ambiente},
	year          = {1999},
	volume        = {1},
	url           = {http://www/bdf.org.br/sma/entendendo/atual.htm},
	urlaccessdate = {9 mar. 1999},
	address       = {São Paulo},
	org-short     = {S\~ao Paulo (Estado). Secretaria do Meio Ambiente},
	organization  = {S\~ao Paulo {(Estado). Secretaria do Meio Ambiente. Tratados e organizações ambientais em matéria de meio ambiente. \textit{In}: SÃO PAULO (Estado). Secretaria do Meio Ambiente}},
	owner         = {marilza},
	timestamp     = {2019.10.08},
}

 @Book{Food2005,
	Title                    = {Food and drugs},
	Organization             = {Food and Drug Administration. {Code of federal regulations, 21CFR202. \textit{In}: FOOD AND DRUG ADMINISTRATION}},
	org-short                = {Food and Drug Administration},
	Url                      = {http://www.accessdata.fda.gov/scripts,cdrh/
	cfdocs/cfcfr/CFRPart=202&showFR=1},
	Urlaccessdate            = {14 out. 2005},
	Year                     = {2005},
	Address                  = {Rockville},
	note                     = {{cap. 1}},
	Owner                    = {marilza},
	Timestamp                = {2019.10.08}
}

@Book{brasil1988,
	title        = {Constituição da República Federativa do Brasil},
	year         = {1998},
	address      = {Brasília, DF},
	publisher    = {Senado},
	organization = {Brasil},
	owner        = {Ana Paula},
	timestamp    = {2015.09.10},
	type         = {Constituição (1988)},
}

@Book{central1998,
	title       = {Central do Brasil},
	year        = {1998},
	address     = {[\textit{S.l.}]},
	publisher   = {Le Studio Canal; Riofilme; MACT Productions},
	note        = {1 bobina cinematográfica (106 min), son., color., 35 mm},
	furtherresp = {Direção: Walter Salles Júnior. Produção: Martire de Clermont-Tonnerre e Arthur Cohn. Intérpretes: Fernanda Montenegro; Marília Pera; Vinicius de Oliveira; Sônia Lira; Othon Bastos; Matheus Nachtergaele e outros. Roteiro: Marcos Bernstein, João Emanuel Carneiro e Walter Salles Júnior},
	org-short   = {Central},
	owner       = {apcalabrez},
	timestamp   = {2015.10.08},
}

@Article{Cochrane1998,
	title        = {Human albumin administration in critically ill patients: systematic review of randomized controlled trials.},
	journal      = {British Medical Journal},
	year         = {1998},
	volume       = {317},
	number       = {7153},
	pages        = {235-240},
	address      = {London},
	org-short    = {Cochrane Injuries Group Albumin Reviewers},
	organization = {Cochrane Injuries Group Albumin Reviewers},
	owner        = {apcalabrez},
	timestamp    = {2015.10.02},
}

@Book{galeria1998,
	title         = {Galeria virtual de arte do Vale da Paraíba},
	year          = {1998},
	address       = {São José dos Campos},
	publisher     = {Fundação Cultural Cassiano Ricardo},
	url           = {http://www.virtualvale.com.br/galeria},
	note          = {Apresenta reproduções virtuais de obras de artistas plásticos do Vale do Paraíba},
	org-short     = {Galeria},
	owner         = {apcalabrez},
	timestamp     = {2015.10.08},
	urlaccessdate = {27 nov. 2001},
}

@InBook{priberam1998,
	title         = {Política},
	booktitle     = {Dicionário da língua cada},
	year          = {1998},
	publisher     = {Priberam Informática},
	url           = {http://www.priberam.pt/dldlpo},
	address       = {Lisboa},
	owner         = {Ana Paula},
	timestamp     = {2015.09.10},
	urlaccessdate = {8 mar. 1999},
}

@Article{brasil1997,
	title        = {Medida provisória nº 1.569-9, de 11 de dezembro de 1997. Estabelece multa em operações de importação, e dá outras providências},
	journal      = {Diário Oficial [da] República Federativa do Brasil},
	year         = {1997},
	note         = {Seção 1, p.29514},
	month        = {14 dez.},
	address      = {Brasília, DF},
	organization = {Brasil},
	owner        = {Ana Paula},
	publisher    = {Poder Executivo},
	timestamp    = {2015.09.10},
}

@Proceedings{quimica1997,
	title               = {Química},
	year                = {1997},
	subtitle            = {academia, indústria, sociedade: livro de resumos},
	organization        = {Reuni\~ao Anual da Sociedade Brasileira de Qu{\'\i}mica},
	publisher           = {Sociedade Brasileira de Química},
	address             = {São Paulo},
	conference-location = {Poços de Caldas},
	conference-number   = {20},
	conference-year     = {1997},
	owner               = {apcalabrez},
	timestamp           = {2015.09.28},
}

@Proceedings{iniciacao1996,
	title               = {Anais eletrônicos [...]},
	year                = {1996},
	organization        = {Congresso de Inicia{\c c}\~ao Cient{\'\i}fica da {UFPe}},
	publisher           = {UFPe},
	url                 = {http://www.propesq.ufpe.br/anais/anais/educ/ce04.htm},
	address             = {Recife},
	conference-location = {Recife},
	conference-number   = {4},
	conference-year     = {1996},
	owner               = {apcalabrez},
	timestamp           = {2015.09.28},
	urlaccessdate       = {21 jan. 1997},
}

@Book{microsoft1995,
	title     = {Microsoft Project for Windows 95},
	year      = {1995},
	address   = {[\textit{S.l.}]},
	subtitle  = {project planning software. Version 4.1.},
	publisher = {Microsoft Corporation},
	note      = {1 CD-ROM},
	org-short = {Microsoft},
	owner     = {apcalabrez},
	timestamp = {2015.10.08},
}

@Proceedings{redes1995,
	title               = {Anais [...]},
	year                = {1995},
	organization        = {Simp\'osio Brasileiro de Redes de Computadores},
	publisher           = {UFMG},
	pages               = {665},
	address             = {Belo Horizonte},
	conference-location = {Belo Horizonte},
	conference-number   = {13},
	conference-year     = {1995},
	owner               = {Ana Paula},
	timestamp           = {2015.09.10},
}

@InBook{brasil1994,
	title        = {Súmula nº14. Não é admissível por ato administrativ restringir em razão de idade, inscrição em concurso de cargo público},
	booktitle    = {Súmulas},
	year         = {1994},
	publisher    = {Associação dos Advogados do Brasil},
	pages        = {16},
	address      = {Brasil},
	organization = {Brasil. {Supremo Tribunal da Justiça}},
	owner        = {Ana Paula},
	timestamp    = {2015.09.10},
}

@Book{CETESB1994,
	title        = {Bacia hidrográfica do Ribeirão Pinheiros},
	year         = {1994},
	address      = {São Paulo},
	subtitle     = {relatório técnico},
	publisher    = {CETESB},
	pages        = {39},
	organization = {Companhia Estadual de Tecnologia de Saneamento Ambiental},
	owner        = {apcalabrez},
	timestamp    = {2015.09.17},
}

@Book{Sergipe2010,
	title        = {Indicadores de desempenho acadêmico},
	year         = {2010},
	address      = {Aracaju},
	subtitle     = {relatório técnico},
	publisher    = {UFS},
	pages        = {39},
	organization = {Universidade Federal de Sergipe},
	owner        = {apcalabrez},
	timestamp    = {2015.09.17},
}

@Book{ibge1993,
	title        = {Normas de apresentação tabular},
	year         = {1993},
	address      = {Rio de Janeiro},
	edition      = {3},
	publisher    = {IBGE},
	organization = {Instituto Brasileiro de Geografia e Estat{\'\i}stica},
	owner        = {Ana Paula},
	timestamp    = {2015.09.10},
}

@Article{resolucao1991,
	title        = {Resolução nº 17, de 1991. {Autoriza} o desbloqueio de Letras Financeiras do Tesouro do {E}stado do {R}io {G}rande do {S}ul, através de revogação do parágrafo 2º, do artigo 1º da resolução no 72, de 1990.},
	journal      = {Coleção de leis da República Federativa do Brasil},
	year         = {1991},
	volume       = {183},
	pages        = {1156-1157},
	month        = {maio/jun.},
	address      = {Brasília, DF},
	org-short    = {Brasil},
	organization = {Brasil. {Congresso. Senado}},
	owner        = {AnaPaula},
	timestamp    = {2015.10.02},
}

@Book{brasil1990,
	title        = {Pesquisa nacional sobre saúde e nutrição},
	year         = {1990},
	address      = {Brasília, DF},
	subtitle     = {resultados preliminares e condições nutricionais da população brasileira: adultos e idosos.},
	publisher    = {IPEA, IBGE, INAN},
	pages        = {33},
	org-short    = {Brasil},
	organization = {Brasil. {Ministério da Saúde}},
	owner        = {apcalabrez},
	timestamp    = {2015.09.22},
}

@Article{brasil1990b,
	title        = {Portaria n.568 de 16 de abril de 1990. Retifica a Portaria n.5777390-p de 11 de abril de 1990},
	journal      = {Diário Oficial da União},
	year         = {1990},
	note         = {Seção 2, p. 1858},
	month        = {19 abr.},
	address      = {Brasília},
	org-short    = {Brasil},
	organization = {Brasil. {Presidência da República. Secretaria do Meio Ambiente}},
	owner        = {apcalabrez},
	timestamp    = {2015.10.08},
}

@Manual{secreatia1989,
	title        = {Estudo de impacto ambiental --- {EJA}, Relatório de Impacto ambiental -- {RIMA}},
	year         = {1989},
	subtitle     = {manual de orientação},
	series       = {Serie Manuais},
	organization = {São Paulo (Estado). Secretaria do Meio Ambiente. Coordenadoria de Planejamento Ambiental},
	address      = {São Paulo},
	owner        = {Ana Paula},
	timestamp    = {2015.09.10},
}

@Book{constituicao1988,
	title        = {Constituição {(1988)}},
	year         = {1988},
	address      = {Brasília, DF},
	publisher    = {Senado},
	furtherresp  = {Constituição da República Federativa do Brasil},
	org-short    = {Brasil},
	organization = {Brasil},
	owner        = {AnaPaula},
	timestamp    = {2015.10.02},
}

@Book{US1988,
	title        = {Siphonaptera},
	year         = {1988},
	address      = {Washington},
	subtitle     = {a study of species infesting wild hares and rabbits of North America, North of Mexico},
	publisher    = {GPO},
	note         = {Não paginado},
	org-short    = {U.S. National Institute of Public Health},
	organization = {U.S. National Institute of Public Health},
	owner        = {apcalabrez},
	timestamp    = {2015.09.23},
}

@Article{brasil1986,
	title        = {Resolução n.20 de 18 de junho 1986},
	journal      = {Diário Oficial da União},
	year         = {1986},
	note         = {Seção 1, p. 8},
	month        = {30 de junho de},
	address      = {Brasília},
	org-short    = {Brasil},
	organization = {Brasil. {Ministério do Desenvolvimento Urbano e Meio Ambiente. CONAMA}},
	owner        = {apcalabrez},
	timestamp    = {2015.10.08},
}

@Book{Geografico1986,
	title        = {Projeto Lins Tupã},
	year         = {1986},
	address      = {São Paulo},
	subtitle     = {foto aérea},
	note         = {1 fotografia aérea. Escala 1:35.000. Fx 28, n. 15},
	org-short    = {Instituto Geogr\'afico e Cartogr\'afico},
	organization = {Instituto Geogr\'afico e Cartogr\'afico {(São Paulo, SP)}},
	owner        = {AnaPaula},
	timestamp    = {2015.10.08},
}

@TechReport{biblioteca1985,
	title        = {Relatório da diretoria geral},
	year         = {1985},
	subtitle     = {1984},
	pages        = {40},
	address      = {Rio de Janeiro},
	org-short    = {Biblioteca Nacional {(Brasil)}},
	organization = {Biblioteca Nacional {(Brasil)}},
	owner        = {apcalabrez},
	timestamp    = {2015.09.17},
}

@Book{codigo1985,
	title        = {Código civil},
	year         = {1985},
	address      = {São Paulo},
	edition      = {46},
	publisher    = {Saraiva},
	furtherresp  = {Organização dos textos, notas remissivas e índices: Juarez de Oliveira},
	org-short    = {Brasil},
	organization = {Brasil},
	owner        = {AnaPaula},
	timestamp    = {2015.10.02},
}

@Proceedings{chemical1984,
	title               = {Processing},
	year                = {1984},
	organization        = {International Syposium on Chemical changes during food Processing},
	publisher           = {Instituto de Agroquimica y Tecnologia de Alimentos},
	address             = {Valencia},
	conference-location = {Valencia},
	conference-year     = {1984},
	owner               = {Ana Paula},
	timestamp           = {2015.09.10},
}

@Article{fgv1984,
	title     = {Quinhentas maiores empresas do Brasil},
	journal   = {Conjuntura Econômica},
	year      = {1984},
	volume    = {38},
	number    = {9},
	note      = {Edição Especial},
	month     = {set.},
	address   = {Rio de Janeiro},
	org-short = {Quinhentas [...]},
	owner     = {Ana Paula},
	publisher = {FGV},
	timestamp = {2015.09.10},
}

@Book{atlas1981,
	title     = {Atlas Mirador Internacional},
	year      = {1981},
	address   = {Rio de Janeiro},
	publisher = {Enciclopédia Britânica do Brasil},
	note      = {1 atlas. Escalas variam},
	org-short = {Atlas},
	owner     = {apcalabrez},
	timestamp = {2015.10.08},
}

@Book{brasil1981,
	title     = {Brasil e parte da América do Sul},
	year      = {1981},
	address   = {São Paulo},
	subtitle  = {mapa político, escolar, rodoviário, turístico e regional},
	publisher = {Michalany},
	note      = {1 mapa, color., 79 cm x 95 cm. Escala 1:600.000},
	org-short = {Brasil},
	owner     = {apcalabrez},
	timestamp = {2015.10.08},
}

@Proceedings{law1967,
	Title                    = {Proceedings [...]},
	Address                  = {Washington},
	Conference-location      = {Washington},
	Conference-number        = {65},
	Conference-year          = {1997},
	Organization             = {Annual Meeting of the American Society of 
	International Law},
	Publisher                = {ASIL},
	Year                     = {1967},
	Owner                    = {apcalabrez},
	Timestamp                = {2015.09.28}
}

@Book{saopaulo1963,
	title        = {Relatório da comissão especial para estudos das enchentes do Rio Tietê e seus afluentes},
	year         = {1963},
	address      = {São Paulo},
	publisher    = {Imprensa Oficial},
	pages        = {142},
	org-short    = {S\~ao Paulo},
	organization = {S\~ao Paulo {(Estado). Câmara Municipal}},
	owner        = {apcalabrez},
	timestamp    = {2015.10.08},
}

@Book{saopaulo1937,
	title        = {O café},
	year         = {1937},
	address      = {São Paulo},
	subtitle     = {estatística de produção e commercio 1935-1936.},
	publisher    = {Typ. Brasil de Rothschild},
	pages        = {261},
	org-short    = {S\~ao Paulo},
	organization = {S\~ao Paulo {(Estado). Secretaria da Agricultura}},
	owner        = {apcalabrez},
	timestamp    = {2015.09.23},
}

@Book{madigan2010,
	author    = {Madigan, Michael T. and Martinko, John M. and Clark, David P. and Dunlap, Paul V.},
	title     = {Microbiologia de Brock},
	year      = {2010},
	address   = {São Paulo},
	edition   = {12},
	publisher = {Artmed},
	pagetotal = {1128 p},
	location  = {São Paulo},
}

@Book{cervo2007,
	author    = {Cervo, Amado Luiz and Bervian, Pedro A. and Da, Silva, Roberto},
	title     = {Metodologia científica},
	year      = {2007},
	address   = {São Paulo},
	edition   = {6},
	publisher = {Pearson Education},
}

@Article{reick1948,
	author  = {Reick, R. F. and Lee, D. H. K.},
	title   = {Reactions to hot atmospheres of Jersey cows in milk.},
	journal = {Journal Dairy Research},
	year    = {1948},
	volume  = {219},
	number  = {15},
}

@Book{Vianna1986,
	author    = {Vianna, S. B},
	title     = {A política econômica no segundo governo Vargas},
	year      = {1986},
	address   = {Rio de Janeiro},
	subtitle  = {1951-1954},
	publisher = {BNDES},
}

@Book{Segatto1995,
	author    = {Segatto, J. A.},
	title     = {Reforma e revolução},
	year      = {1995},
	address   = {Rio de Janeiro},
	subtitle  = {as vicissitudes politicas do PCB: 1954- 1964},
	publisher = {Civilização Brasileira},
}

@Article{USP2013,
	title         = {Resolução nº 6542, de 18 de abril de 2013. Baixa o Regimento de Pós-Graduação da {Universidade de São Paulo}},
	journal       = {Diário Oficial [do] Estado de São Paulo},
	year          = {2013},
	url           = {http://www.
	leginf.usp.br/?resolucao=resolucao-no-6542-de-18-de-abril},
	month         = {8 dez.},
	org-short     = {Universidade de S\~ao Paulo},
	organization  = {Universidade de S\~ao Paulo},
	owner         = {apcalabrez},
	timestamp     = {2015.10.08},
	urlaccessdate = {08 jun. 2015.},
}

@Book{Cloud1999,
	author    = {Cloud, Henry},
	title     = {Boundaries},
	year      = {1999},
	address   = {Nashville},
	publisher = {Zondervan},
}

@Book{Reis1956,
	author    = {Reis, J. and Nóbrega, P.},
	title     = {Tratado das doenças das aves},
	year      = {1956},
	address   = {São Paulo},
	publisher = {Melhoramentos},
	pages     = {30-82},
}

@InCollection{Brito2003,
	author       = {Brito, L. P. and Jorge, C. L.},
	title        = {Epilepsia temporal originada de estruturas límbicas.},
	booktitle    = {Epilepsia - infância e adolescência},
	year         = {2003},
	editor       = {Manreza, L and Gossmann, R. and Valerio, R. and Guilhoto, Laura},
	editortype   = {ed.},
	volume       = {1},
	publisher    = {Lemos editorial e Gráficos LTDA},
	pages        = {93-114},
	address      = {São Paulo},
}

@Book{Soares2002,
  title      = {STRAUD 2002},
  year       = {2002},
  editor     = {Soares, S. B. C},
  subtitle   = {tutoriais de acesso às bases de dados on-line, referências e outros recursos informacionais},
  note       = {1 CD-ROM},
  publisher  = {UNESP, Coordenadoria Geral de Bibliotecas},
  eprinttype = {org},
  address    = {São Paulo},
}

@Book{Pereira2013,
	author    = {Pereira, J},
	title     = {Morfologia},
	year      = {2013},
	address   = {São Paulo},
	publisher = {ABcd},
}

@Book{Ando1990,
	author    = {Ando, A.},
	title     = {Meio ambiente brasileiro},
	year      = {1990},
	address   = {São Paulo},
	publisher = {Abcd},
}

@InProceedings{Ramos2014,
	author              = {Ramos, L. M. S. V C and Pestana, M. C.},
	title               = {Information and communication technologies in teaching and learning professional information},
	booktitle           = {Proceedings [...]},
	year                = {2014},
	organization        = {International Conference on QQML},
	publisher           = {QQML/ISAST},
	address             = {Istambul},
	conference-location = {Istambul},
	conference-number   = {6},
	conference-year     = {2014},
	owner               = {Ana Paula},
	timestamp           = {2015.09.10},
}

@Book{Oliveira2013,
	author    = {Oliveira, O. and Ferreira, F. and Mascarenhas, M.},
	title     = {Protótipo},
	year      = {2013},
	address   = {São Paulo},
	publisher = {Abcd},
}

@Book{Garcia2013a,
	author    = {Garcia, G.},
	title     = {A vida},
	year      = {2013},
	address   = {São Paulo},
	publisher = {Abcd},
}

@Book{Garcia2013b,
	author    = {Garcia, G.},
	title     = {A morte},
	year      = {2013},
	address   = {São Paulo},
	publisher = {Abcd},
}

@Book{CastroC2012,
	author    = {Castro, Filho, Carlos},
	title     = {Capital},
	year      = {2012},
	address   = {São Paulo},
	publisher = {Abcd},
}

@Book{Souza2015,
	author    = {Souza, Filho, A.},
	title     = {Democracia},
	year      = {2015},
	address   = {São Paulo},
	publisher = {Abcd},
}

@Book{Controle2015,
	title     = {Controle ambiental},
	year      = {2015},
	address   = {São Paulo},
	publisher = {Abcd},
}

@Proceedings{reuniao1985,
	title               = {Anais [...]},
	year                = {1985},
	organization        = {Reuni\~ao Anual da {ABCP}},
	publisher           = {ABCP},
	address             = {São Paulo},
	conference-location = {São Paulo},
	conference-number   = {2},
	conference-year     = {1985},
	owner               = {apcalabrez},
	timestamp           = {2015.09.28},
}

@Book{Smith1990,
	author    = {Smith, C. M.},
	title     = {Meio ambiente},
	year      = {1990},
	address   = {São Paulo},
	publisher = {Abcd},
}

@Book{Smith1999,
	author    = {Smith, C. M.},
	title     = {Recursos ambientais},
	year      = {1999},
	address   = {São Paulo},
	publisher = {Abcd},
}

@Book{Smith2002,
	author    = {Smith, C. M.},
	title     = {Educação Ambiental},
	year      = {2002},
	address   = {São Paulo},
	publisher = {Abcd},
}

@Book{Ferreira1989,
	author    = {Ferreira, F. and Junqueira, J. and Silva, S. and Marques, M.},
	title     = {Diversidade ambiental},
	year      = {1989},
	address   = {São Paulo},
	publisher = {Abcd},
}

@Book{SilvaRibeiro2001,
	author    = {Silva, S. and Ribeiro, R.},
	title     = {Metodologia em educação ambiental},
	year      = {2001},
	address   = {São Paulo},
	publisher = {Abcd},
}

@Book{DeRose2015,
	author    = {De, Rose Junior, D.},
	title     = {Minibasquetebol na escola},
	year      = {2015},
	address   = {São Paulo},
	publisher = {Ícone},
	pages     = {128},
}

@Book{Instituto2007,
	title        = {Mapeamento de riscos em encostas e margens de rios},
	year         = {2007},
	address      = {Brasília: Ministério das Cidades},
	publisher    = {IPT},
	organization = {Instituto de Pesquisa Tecnológicas do Estado de São Paulo},
	owner        = {apcalabrez},
	timestamp    = {2015.09.23},
}

@SuppPeriodical{,
}

@Journalpart{Medicaljournal1941,
	address   = {São Paulo},
	ISSN      = {0035-0362},
	publisher = {Associação Paulista de Medicina},
	title     = {São Paulo Medical Journal = Revista Paulista de Medicina},
	year      = {1941-},
	owner     = {apcalabrez},
	timestamp = {2015.10.01},
}

@Misc{usp2014,
	Title                    = {UNIVERSIDADE DE SÃO PAULO},
	Org-short                = {Universidade de São Paulo},
	Url                      = {http://www.usp.br},
	Urlaccessdate            = {16 out. 2014},
	Owner                    = {marilza},
	Timestamp                = {2019.10.16},
}

@Article{Teixeira2006,
	Title                    = {Apatia na doença de Alzheimer},
	Author                   = {Teixeira, Junior, A. L. and Caramelli, 
	P.},
	Journal                  = {Revista Brasileira de Psiquiatria},
	Year                     = {2006},
	Address                  = {São Paulo},
	Note                     = {No prelo},
	Url                      = {http://www.scielo.br/pdf/rbp/nahead
	/ahead1b.pdf},
	Urlaccessdate            = {8 ago. 2006},
	Owner                    = {apcalabrez},
	Timestamp                = {2016.04.26},
}

@Comment{jabref-meta: databaseType:biblatex;}

@Comment{jabref-entrytype: Hidden: req[address;author;booktitle;edition;editor;institution;org-short;organization;pages;publisher;subtitle;title] opt[]}

@Comment{jabref-entrytype: Journalpart: req[address;issn;journal;month;note;number;pages;publisher;subtitle;title;volume;year] opt[]}

@Comment{jabref-entrytype: Other: req[author;howpublished;number;title] opt[]}


@webpage{scikitlogreg,
    author = {Scikit Learn Documentation SCIKITDOC},
    title = {Logistic Regression},
    howpublished = {Tomado de \url{https://scikit-learn.org/stable/modules/generated/sklearn.linear_model.LogisticRegression.html} (10/07/2022)},
    year = 2022
}



@webpage{scikitaccuracy,
    author = {Scikit Learn Documentation Sklearn},
    title = {Logistic Regression},
    howpublished = {Tomado de \url{https://scikit-learn.org/stable/modules/model_evaluation.html#accuracy-score} (10/07/2022)},
    year = 2022
}

@webpage{scikitsvc,
    author = {Scikit Learn Documentation Sklearn},
    title = {Support Vector Classification},
    howpublished = {Tomado de \url{https://scikit-learn.org/stable/modules/svm.html#svc} (10/07/2022)},
    year = 2022
}

@misc{mikolov,
  doi = {10.48550/ARXIV.1301.3781},
  url = {https://arxiv.org/abs/1301.3781},
  author = {Mikolov, Tomas and Chen, Kai and Corrado, Greg and Dean, Jeffrey},
  keywords = {Computation and Language (cs.CL), FOS: Computer and information sciences, FOS: Computer and information sciences},
  title = {Efficient Estimation of Word Representations in Vector Space},
  publisher = {arXiv},
  year = {2013},
  copyright = {arXiv.org perpetual, non-exclusive license}
}





@article{korde2012text,
  title={Text classification and classifiers: A survey},
  author={Korde, Vandana and Mahender, C Namrata},
  journal={International Journal of Artificial Intelligence \& Applications},
  volume={3},
  number={2},
  pages={85},
  year={2012},
  publisher={Academy \& Industry Research Collaboration Center (AIRCC)}
}



@article{shah2020comparative,
  title={A comparative analysis of logistic regression, random forest and KNN models for the text classification},
  author={Shah, Kanish and Patel, Henil and Sanghvi, Devanshi and Shah, Manan},
  journal={Augmented Human Research},
  volume={5},
  number={1},
  pages={1--16},
  year={2020},
  publisher={Springer}
}



@article{pranckevivcius2017comparison,
  title={Comparison of naive bayes, random forest, decision tree, support vector machines, and logistic regression classifiers for text reviews classification},
  author={Pranckevi{\v{c}}ius, Tomas and Marcinkevi{\v{c}}ius, Virginijus},
  journal={Baltic Journal of Modern Computing},
  volume={5},
  number={2},
  pages={221},
  year={2017},
  publisher={University of Latvia}
}



@book{Alarcos1999,
    author    = {E. {Alarcos Llorach}},
    title     = "{Gramática de la Lengua Española}",
    publisher = "{Editorial Espasa Calpe}",
    address   = "{Madrid}",
    year     = 1999
}

@article{ArslanHansen1996,
    author    = {L. M. Arslan and J. H. L. Hansen},
    title     = "{Language accent classification in American English}",
    journal   = "{Speech Communication}",
    volume    = {18},
    number    = {1},
    pages     = {353--367},
    year      = 1996
}

@article{WangEtAl2015,
    author   = {H. Wang and S. Liu and J. Gong and N. Wu and J. Lin},
    title    = "{Contribution of velocity vortices and fast shock reflection and refraction to the formation of EUV waves in solar eruptions}",
    journal  = {The Astrophysical Journal},
    year     = 2015,
    pages    = {114--129}
}

@inproceedings{BarkovaJouvet1999,
    author    = {K. Bartkova and D. Jouvet},
    editor    = {J. Smith},
    title     = "{Selective prosodic post-processing for improving recognition of French telephone numbers}",
    date      = {1999},
    booktitle = "{Proc. of the 7th European Conference on Speech Communication and Technology}",
    publisher = {Taylor and Francis},
    location  = {Londres},
    pages     = {267--270},
    year = 1999
}

@inbook{Mitchell2001,
    author       = {J. K. Mitchell}, 
    title        = "{Geotechnical and Geoenvironmental Engineering Handbook}",
    chapter      = "{Physicochemistry of Soils for Geoenvironmental Engineering}",
    pages        = {691--710},
    publisher    = "{Kluger Academic Publishers}",
    address      = "{Boston}",
    year         = 2001
}

@webpage{CFDwebpage,
    author = {Wikipedia},
    title = {Computational fluid dynamics},
    howpublished = {Tomado de \url{https://en.wikipedia.org/wiki/Computational_fluid_dynamics} (10/07/2018)},
    year = 2011
}

@manual{Indura2010,
    author       = {M. {Ibarra Echeverría} and E. {Núñez Solís} and J.M. {Huerta Ibáñez}}, 
    title        = {Manual de Aceros inoxidables},
    organization = {{INDURA S.A.}},
    address      = {Cerritos, Chile},
    year         = 2010
}

@techreport{NACA460,
    author       = {E. Jacobs and K. Ward and R. Pinkerton}, 
    title        = {The characteristics of 78 related airfoils sections from tests in the
                    variable-density wind tunnel},
    institution  = {{National Advisory Commitee for Aeronautics (NACA)}},
    number       = 460,
    address      = {Washington {D.C.}},
    year         = 1935
}

@thesis{Krause2014,
    author       = {G. Krause}, 
    title        = {Análisis teórico y numérico de atractores e intermitencia en la ecuación {DNLS}},
    school       = {{Facultad de Ciencias Exactas, Físicas y Naturales; 
                    Universidad Nacional de Córdoba}},
    address      = {Córdoba, Argentina},
    note         = {Tesis doctoral},
    year         = 2014
}

@other{Radio2015,
    author       = {J. Pérez}, 
    title        = {Columna semanal},
    howpublished = {Emisión radial},
    year         = 2015,
    note         = {programa {``Tarde de radio''} de {FM 123.4} emitido el 15/03/2015}
}



@article{silva2020towards,
  title={Towards automatically filtering fake news in Portuguese},
  author={Silva, Renato M and Santos, Roney LS and Almeida, Tiago A and Pardo, Thiago AS},
  journal={Expert Systems with Applications},
  volume={146},
  pages={113199},
  year={2020},
  publisher={Elsevier}
}


%************************Aprendizado Ativo
@article{enmei2018review,
  title={A Review of Semi-Supervised Learning Theories and Recent Advances},
  author={Enmei, TU and Jie, Yang},
  journal={Journal of Shanghai Jiaotong University},
  volume={52},
  number={10},
  pages={1280},
  year={2018}
}

%======================Short Text 
@article{liu2018short,
title={Short text classification: A survey},
author={Liu, Qing and Qiu, Xipeng and Li, Shuming and Wang, Shen},
journal={ACM Computing Surveys},
volume={51},
number={1},
pages={1--38},
year={2018},
publisher={ACM}
}

@article{Song2014ShortTC,
  title={Short Text Classification: A Survey},
  author={Ge Song and Yunming Ye and Xiaolin Du and Xiaohui Huang and Shifu Bie},
  journal={J. Multim.},
  year={2014},
  volume={9},
  pages={635-643}
}


@article{aria2017bibliometrix,
  title={bibliometrix: An R-tool for comprehensive science mapping analysis},
  author={Aria, M and Cuccurullo, C},
  journal={Journal of Informetrics},
  volume={11},
  number={4},
  pages={959--975},
  year={2017}
}

%%%%%%%%%%%%%%%%%%%%%%%%%Entradas para estado da arte 
@article{srivastava2014dropout,
  title={Dropout: A simple way to prevent neural networks from overfitting},
  author={Srivastava, Nitish and Hinton, Geoffrey and Krizhevsky, Alex and Salakhutdinov, Ruslan},
  journal={The Journal of Machine Learning Research},
  volume={15},
  pages={1929--1958},
  year={2014}
}

@article{pan2010transfer,
  title={A survey on transfer learning},
  author={Pan, Sinno Jialin and Yang, Qiang},
  journal={IEEE Transactions on knowledge and data engineering},
  volume={22},
  number={10},
  pages={1345--1359},
  year={2010},
  publisher={IEEE}
}

@article{sebastiani2002machine,
  title={Machine learning in automated text categorization},
  author={Sebastiani, Fabrizio},
  journal={ACM Computing Surveys (CSUR)},
  volume={34},
  number={1},
  pages={1--47},
  year={2002},
  publisher={ACM}
}

@article{sokolova2009systematic,
    title = {A Systematic Analysis of Performance Measures for Classification Tasks},
    author = {Sokolova, Marina and Lapalme, Guy},
    journal = {Information Processing \& Management},
    volume = {45},
    number = {4},
    pages = {427--437},
    year = {2009},
    doi = {10.1016/j.ipm.2008.03.002}
}


@article{zhang2007mlknn,
  title={ML-KNN: A lazy learning approach to multi-label learning},
  author={Zhang, Min-Ling and Zhou, Zhi-Hua},
  journal={Pattern Recognition},
  volume={40},
  number={7},
  pages={2038--2048},
  year={2007},
  publisher={Elsevier}
}

@article{forman2003extensive,
  title={An extensive empirical study of feature selection metrics for text classification},
  author={Forman, George},
  journal={The Journal of Machine Learning Research},
  volume={3},
  pages={1289--1305},
  year={2003}
}

@article{le2014distributed,
  title={Distributed representations of sentences and documents},
  author={Le, Quoc and Mikolov, Tomas},
  journal={International Journal of Artificial Intelligence and Data Mining},
  volume={3},
  number={2},
  pages={63--91},
  year={2014}
}

@article{quoc2014distributed,
  title={Distributed representation of sentences and documents},
  author={Quoc Le, L. and Mikolov, Tomas},
  journal={International Journal of Advanced Computer Science and Applications},
  volume={5},
  number={3},
  pages={2},
  year={2014}
}

@inproceedings{dave2003mining,
  title={Mining the peanut gallery: opinion extraction and semantic classification of product reviews},
  author={Dave, Kamal and Lawrence, Steve and Pennock, David},
  booktitle={Proceedings of the 12th international conference on World Wide Web},
  pages={511--520},
  year={2003},
  organization={ACM}
}

@inproceedings{tong2002support,
  title={Support vector machine active learning for text classification},
  author={Tong, Shen and Koller, Daphne},
  booktitle={Proceedings of the 19th international conference on Machine learning},
  pages={45--52},
  year={2002},
  organization={ACM}
}

@inproceedings{joachims2006training,
    title = {Training Linear SVMs in Linear Time},
    author = {Joachims, Thorsten},
    booktitle = {Proceedings of the 12th ACM SIGKDD International Conference on Knowledge Discovery and Data Mining},
    pages = {217--226},
    year = {2006},
    organization = {ACM}
}


@inproceedings{lai2015recurrent,
  title={Recurrent convolutional neural networks for text classification},
  author={Lai, Siwei and Xu, Liheng and Liu, Kang and Zhao, Jun},
  booktitle={Proceedings of the 24th International Joint Conference on Artificial Intelligence},
  pages={3133--3139},
  year={2015},
  organization={AAAI Press}
}

@inproceedings{kusner2015word,
  title={From word embeddings to document distances},
  author={Kusner, Matt and Sun, Yunchuan and Kolkin, Nicholas and Weinberger, Kilian},
  booktitle={International Conference on Machine Learning},
  pages={957--966},
  year={2015}
}

@inproceedings{howard2018universal,
  title={Universal Language Model Fine-tuning for Text Classification},
  author={Howard, Jeremy and Ruder, Sebastian},
  booktitle={Proceedings of the 56th Annual Meeting of the Association for Computational Linguistics (Volume 1: Long Papers)},
  volume={1},
  pages={328--339},
  year={2018}
}

@inproceedings{raffel2020exploring,
  title={Exploring the limits of transfer learning with a unified text-to-text transformer},
  author={Raffel, Colin and Shazeer, Noam and Roberts, Adam and Lee, Katherine and Matena, George and Zhou, Yanping and Li, Wei and Liu, Peter J},
  booktitle={International Conference on Learning Representations},
  year={2020}
}

@inproceedings{raina2007self,
  title={Self-taught learning: Transfer learning from unlabeled data},
  author={Raina, Rajat and Battle, Alexis and Lee, Honglak and Packer, Benjamin and Ng, Andrew},
  booktitle={Proceedings of the 24th international conference on Machine learning},
  pages={759--766},
  year={2007},
  organization={ACM}
}

@book{bottou2018optimization,
  title={Optimization methods for large-scale machine learning},
  author={Bottou, L{\'e}on and Curtis, Frank E and Nocedal, Jorge},
  volume={2},
  year={2018},
  publisher={Springer}
}

@inproceedings{tschantaridis2004support,
title = {Support Vector Machine Learning for Interdependent and Structured Output Spaces},
author = {Tschantaridis, Iasonas and Hofmann, Thomas and Joachims, Thorsten and Altun, Yusuf},
booktitle = {Proceedings of the International Conference on Machine Learning},
pages = {104--111},
year = {2004}
}


@inproceedings{joachims2004support,
  title={Support Vector Machine Learning for Interdependent and Structured Output Spaces},
  author={Tschantaridis, Iason and Hofmann, Thomas and Joachims, Thorsten and Altun, Yasemin},
  booktitle={International Conference on Machine Learning},
  pages={104--111},
  year={2004}
}

@article{natekin2013gradient,
  title={Gradient boosting machines: A tutorial},
  author={Natekin, Andrey and Knoll, Alex},
  journal={Frontiers in computational statistics},
  volume={4},
  year={2013}
}

@inproceedings{rennie2003tackling,
  title={Tackling the poor assumptions of naive bayes text classifiers},
  author={Rennie, Jason D and Shih, Lay and Teevan, Jaime and Karger, David},
  booktitle={ICML},
  volume={3},
  pages={616--623},
  year={2003}
}

%%%%%%%%%%%%%%Active Learnint
@article{TONG2002,
  title={Support vector machine active learning with applications to text classification},
  author={Tong, Simon and Koller, Daphne},
  journal={Journal of machine learning research},
  volume={2},
  number={Nov},
  pages={45--66},
  year={2002}
}

@article{Cohn1996,
  title={Active learning with statistical models},
  author={Cohn, David A and Atlas, Les and Ladner, Richard E},
  journal={Journal of artificial intelligence research},
  volume={4},
  pages={129--145},
  year={1996}
}

@article{Schmidt2019,
  title={Machine learning-assisted materials discovery using failed experiments},
  author={Schmidt, Jonathan and Marques, Mario R G and Botti, Silvana and Marques, Miguel A L},
  journal={npj Computational Materials},
  volume={5},
  number={1},
  pages={1--7},
  year={2019}
}

@inproceedings{Settles2008,
 author = {Burr Settles},
 title = {Active Learning Literature Survey},
 booktitle = {Computer Sciences Technical Report 1648},
 year = {2008}
}

@article{Criminisi2011,
 author = {Antonio Criminisi and Jamie Shotton and Ender Konukoglu},
 title = {Decision Forests for Classification, Regression, Density Estimation, Manifold Learning and Semi-Supervised Learning},
 journal = {Foundations and Trends in Computer Graphics and Vision},
 volume = {7},
 number = {2-3},
 pages = {81-227},
 year = {2011}
}

@article{Holzinger2016,
 author = {Andreas Holzinger and Chris Biemann and Constantin Blaschke and Sepp Hochreiter and Peter Kieseberg and Manuel M{\"u}ller and Andreas Prat-P{\'e}rez and Gustavo Salazar and Benjamin Schantl and Christian Schulz and Matthieu-P. Schapranow and Heimo M{\"u}ller},
 title = {Towards Integrating Feature Selection Algorithms for Classification - A Comparative Study},
 journal = {Brain Informatics},
 volume = {3},
 number = {1},
 pages = {23-28},
 year = {2016}
}

@article{Yi2016,
 author = {Li Yi and Hao Su and Xingwen Guo and Leonidas J. Guibas },
 title = {SyncSpecCNN: Synchronized Spectral CNN for 3D Shape Segmentation },
 journal = {ACM Transactions on Graphics (TOG)},
 volume = {35},
 number = {6}, 
 pages = {1--12}, 
 year = {2016}
}

@article{Rahhal2016,
 author = {Mohammad M. A. Rahhal and Mohammad A. Alsmirat and Ahmad Aljaafreh },
 title ={A new hybrid approach for Arabic text classification based on decision tree algorithms },
 journal ={Information Sciences },
 volume ={367-368}, 
 pages ={764 - 777}, 
 year ={2016}
}

@article{Baepler2014,
 author = {Paul Baepler and J Duncan}, 
 title ={Using active learning instructional strategies to create excitement and enhance learning }, 
 journal ={Computers \& Education }, 
 volume ={78}, 
 pages ={67 - 75}, 
 year ={2014}
}

@article{deng2019feature,
  title={Feature selection for text classification: A review},
  author={Deng, Xuelian and Li, Yuqing and Weng, Jian and Zhang, Jilian},
  journal={Multimedia Tools and Applications},
  volume={78},
  pages={3797--3816},
  year={2019},
  publisher={Springer}
}

@article{deerwester1990indexing,
  title={Indexing by latent semantic analysis},
  author={Deerwester, Scott and Dumais, Susan T and Furnas, George W and Landauer, Thomas K and Harshman, Richard},
  journal={Journal of the American society for information science},
  volume={41},
  number={6},
  pages={391--407},
  year={1990},
  publisher={Wiley Online Library}
}

@article{pan2010survey,
  title={A survey on transfer learning},
  author={Pan, Sinno Jialin and Yang, Qiang},
  journal={IEEE Transactions on knowledge and data engineering},
  volume={22},
  number={10},
  pages={1345--1359},
  year={2009},
  publisher={IEEE}
}

@article{mironczuk2018recent,
  title={A recent overview of the state-of-the-art elements of text classification},
  author={Miro{\'n}czuk, Marcin Micha{\l} and Protasiewicz, Jaros{\l}aw},
  journal={Expert Systems with Applications},
  volume={106},
  pages={36--54},
  year={2018},
  publisher={Elsevier}
}

@article{salton1988term,
  title={Term-weighting approaches in automatic text retrieval},
  author={Salton, Gerard and Buckley, Christopher},
  journal={Information processing \& management},
  volume={24},
  number={5},
  pages={513--523},
  year={1988},
  publisher={Elsevier}
}

@inproceedings{pu2006short,
  title={Short-text classification based on ICA and LSA},
  author={Pu, Qiang and Yang, Guo-Wei},
  booktitle={International Symposium on Neural Networks},
  pages={265--270},
  year={2006},
  organization={Springer}
}

@article{agnihotri2018review,
  title={A review of techniques to determine the optimal word score in text classification},
  author={Agnihotri, Deepak and Verma, Kesari and Tripathi, Priyanka and Choudhary, Nilam},
  journal={Ambient Communications and Computer Systems: RACCCS 2017},
  pages={497--507},
  year={2018},
  publisher={Springer}
}

@article{selva2021review,
  title={A review on word embedding techniques for text classification},
  author={Selva Birunda, S and Kanniga Devi, R},
  journal={Innovative Data Communication Technologies and Application: Proceedings of ICIDCA 2020},
  pages={267--281},
  year={2021},
  publisher={Springer}
}

@article{gasparetto2022survey,
  title={A survey on text classification algorithms: From text to predictions},
  author={Gasparetto, Andrea and Marcuzzo, Matteo and Zangari, Alessandro and Albarelli, Andrea},
  journal={Information},
  volume={13},
  number={2},
  pages={83},
  year={2022},
  publisher={MDPI}
}

@article{tibshirani1996regression,
  title={Regression shrinkage and selection via the lasso},
  author={Tibshirani, Robert},
  journal={Journal of the Royal Statistical Society: Series B (Methodological)},
  volume={58},
  number={1},
  pages={267--288},
  year={1996}
}

@article{hoerl1970ridge,
  title={Ridge regression: Biased estimation for nonorthogonal problems},
  author={Hoerl, Arthur E and Kennard, Robert W},
  journal={Technometrics},
  volume={12},
  number={1},
  pages={55--67},
  year={1970},
  publisher={Taylor \& Francis}
}

@book{hosmer2013applied,
  title={Applied Logistic Regression},
  author={Hosmer, David W and Lemeshow, Stanley and Sturdivant, Rodney X},
  year={2013},
  publisher={Wiley}
}

@incollection{mcfadden1973conditional,
  title={Conditional logit analysis of qualitative choice behavior},
  author={McFadden, Daniel},
  booktitle={Frontiers in Econometrics},
  pages={105--142},
  year={1973},
  publisher={Academic Press}
}

@book{hastie2009elements,
  title={The elements of statistical learning: data mining, inference, and prediction},
  author={Hastie, Trevor and Tibshirani, Robert and Friedman, Jerome H and Friedman, Jerome H},
  volume={2},
  year={2009},
  publisher={Springer}
}

@article{shannon1948mathematical,
  title={A Mathematical Theory of Communication},
  author={Shannon, CE},
  journal={Bell System Technical Journal},
  volume={27},
  number={3},
  pages={379--423},
  year={1948}
}
@book{deza2009,
  title={Encyclopedia of Distances},
  author={Deza, Michel Marie and Deza, Elena},
  year={2009},
  publisher={Springer}
}

@article{quinlan1986induction,
  title={Induction of decision trees},
  author={Quinlan, JR},
  journal={Machine learning},
  volume={1},
  number={1},
  pages={81--106},
  year={1986}
}

@book{breiman1984classification,
  title={Classification and regression trees},
  author={Breiman, L and Friedman, J and Olshen, RA and Stone, CJ},
  year={1984},
  publisher={Wadsworth \& Brooks/Cole Advanced Books \& Software}
}
@article{cover1967,
  title={Nearest neighbor pattern classification},
  author={Cover, Thomas and Hart, Peter},
  journal={IEEE transactions on information theory},
  year={1967},
  volume={13},
  number={1},
  pages={21--27},
  publisher={IEEE}
}

@article{cortes1995support,
  title={Support-vector networks},
  author={Cortes, Corinna and Vapnik, Vladimir},
  journal={Machine learning},
  volume={20},
  number={3},
  pages={273--297},
  year={1995},
  publisher={Springer}
}

@inproceedings{boser1992training,
  title={A training algorithm for optimal margin classifiers},
  author={Boser, Bernhard E and Guyon, Isabelle M and Vapnik, Vladimir N},
  booktitle={Proceedings of the fifth annual workshop on Computational learning theory},
  pages={144--152},
  year={1992},
  organization={ACM}
}

@article{grandini2020metrics,
  title={Metrics for multi-class classification: an overview},
  author={Grandini, Margherita and Bagli, Enrico and Visani, Giorgio},
  journal={arXiv preprint arXiv:2008.05756},
  year={2020}
}

@article{tharwat2018,
  title={Classification assessment methods},
  author={Tharwat, Alaa},
  journal={Applied Computing and Informatics},
  year={2018},
  publisher={Elsevier}
}

@article{Brodersen2010,
  title={The balance of the evidence},
  author={Brodersen, Kay Henning and Ong, Cheng Soon and Stephan, Klaas Enno and Buhmann, Joachim M.},
  journal={Information Processing in Medical Imaging},
  volume={21},
  pages={251--262},
  year={2010},
  publisher={Springer}
}

@article{Sokolova2009,
  title={A systematic analysis of performance measures for classification tasks},
  author={Sokolova, Marina and Lapalme, Guy},
  journal={Information Processing \& Management},
  volume={45},
  number={4},
  pages={427--437},
  year={2009},
  publisher={Elsevier}
}

@inproceedings{VanAsch2013,
  title={Macro and micro-averaged evaluation measures},
  author={Van Asch, Vincent},
  booktitle={Proceedings of the 20th Conference on Computational Natural Language Learning: Shared Task},
  pages={117--126},
  year={2013}
}

@inproceedings{kohavi1995study,
  title={A study of cross-validation and bootstrap for accuracy estimation and model selection},
  author={Kohavi, Ron and others},
  booktitle={Ijcai},
  volume={14},
  number={2},
  pages={1137--1145},
  year={1995},
  organization={Montreal, Canada}
}

@book{Breiman1984,
  title={Classification and regression trees},
  author={Breiman, Leo and Friedman, Jerome and Stone, Charles J. and Olshen, Richard A.},
  publisher={Wadsworth & Brooks},
  year={1984}
}

@book{Creswell2014,
  author    = {John W. Creswell},
  title     = {Research Design: Qualitative, Quantitative, and Mixed Methods Approaches},
  year      = {2014},
  edition   = {4th},
  publisher = {SAGE Publications, Inc},
  address   = {Thousand Oaks, California},
  isbn      = {978-1452226101},
}

@book{Yin2018,
  author    = {Robert K. Yin},
  title     = {Case Study Research and Applications: Design and Methods},
  year      = {2018},
  edition   = {6th},
  publisher = {SAGE Publications, Inc},
  address   = {Thousand Oaks, California},
  isbn      = {978-1506336169},
}

